2825 4559
209 289 963 424 tn·nn·1sn.·nnnonnn.ntn
991 342 1020 421 1.
1101 362 1158 437 42
1235 329 1238 338 '

135 535 140 576 ι-
160 509 240 584 veri
254 497 372 581 cul'tua
392 504 540 580 nomine
555 502 727 598 separati,
747 504 854 579 rebus
872 507 923 580 eis
943 520 1050 597 atque
1068 502 1149 604 atti·

135 630 153 684 a
180 607 371 682 sociemur.
424 604 571 677 Certum
596 602 646 675 est
672 607 795 689 enim,
821 606 902 697 quia
928 607 1015 697 qui,
1042 605 1149 684 uerbi

135 706 208 801 tl'a,
224 708 384 800 repletus
402 703 453 776 est
467 704 676 797 iniquitate,
702 704 857 795 malitia,
878 709 1050 798 nequitia,
1068 726 1152 779 ava»

135 809 188 900 ia,
215 827 292 879 non
311 803 616 900 probauitDeum
633 803 766 875 habere
783 803 818 878 in
833 807 1021 894 notitiam,
1048 807 1080 881 u
1099 804 1152 880 ell:
1256 841 1264 848 ·

146 923 474 994 numantiorum,
501 921 593 992 quos
614 902 758 975 tradidit
777 902 878 978 Deua
893 906 930 978 in
951 911 1173 996 reprobum·

135 1009 238 1081 tium.
288 997 338 1076 Et
351 1004 482 1076 iterum
498 1020 650 1092 quorum
663 1000 817 1074 foeminae
833 1003 1073 1099 inimiculi,
1100 1024 1154 1079 re·
1290 1019 1298 1028 ·

135 1109 174 1178 to
202 1104 354 1178 naturali
381 1101 471 1193 usu,
498 1101 746 1175 accenduntur
770 1105 805 1172 in
831 1123 913 1177 eum
939 1104 1064 1198 usum,
1091 1105 1152 1196 qui

135 1219 217 1279 ntra
237 1215 398 1276 naturam
424 1199 494 1293 est,
521 1213 660 1275 certum
684 1199 736 1273 est
759 1201 840 1291 quia
861 1222 907 1275 ex
924 1204 1069 1277 illorum
1087 1227 1156 1277 nn.

135 1319 190 1384 tro
209 1302 313 1395 sunt,
340 1302 399 1391 qui
414 1297 575 1374 serviunt
588 1314 759 1373 creaturae
777 1303 899 1393 potius
921 1324 1024 1394 quam
1044 1304 1153 1378 Ctea·

135 1405 187 1496 ri,
214 1401 247 1474 dt
274 1421 365 1492 quor
390 1400 535 1472 tradidit
558 1399 658 1474 Deua
676 1400 712 1472 in
737 1401 909 1491 pnffionea
935 1406 1153 1498 ignominie.

135 1503 163 1576 td
180 1502 215 1574 da
233 1501 257 1574 st
276 1503 335 1592 qui
352 1501 389 1573 in
406 1498 627 1586 immunditia
645 1501 874 1573 contumeliis
899 1499 1053 1576 afficiant
1075 1523 1157 1576 cor·

135 1623 181 1674 tta
202 1597 283 1691 sua,
309 1600 442 1672 exiliit
465 1595 564 1689 sunt,
590 1602 649 1688 qui
671 1612 988 1674 commutaverunt
1004 1603 1155 1700 gloriam
1285 1673 1291 1688 ,

135 1699 376 1792 corruptibilis
394 1697 462 1769 Dei
478 1697 789 1771 insimilitudinem
805 1700 963 1796 imaginis
980 1704 1156 1795 hominir3

135 1801 153 1874 ir
182 1798 282 1889 quod
304 1799 472 1894 graviore
495 1795 678 1892 sacrilegio
696 1801 749 1888 ir,
777 1800 835 1887 qui
853 1800 923 1889 iam
944 1799 1057 1874 fidelis
1081 1802 1153 1893 est,·

135 1901 268 1992 mplum
288 1896 381 1989 Dei,
407 1916 511 1989 quam
533 1896 706 1987 profanus
730 1897 845 1969 adhuc
867 1902 1041 1993 templum
1067 1923 1158 1977 con·
1196 1931 1198 1935 ·

135 2013 246 2074 menat
271 1999 464 2071 idolorum.
516 1995 606 2069 Non
624 1995 685 2070 est
711 1995 1082 2089 sanenraetereundur
1107 2024 1156 2077 ne

135 2120 155 2172 e
173 2097 317 2189 quidem
334 2095 568 2189 Apostolicus
586 2094 787 2188 sermo‚··in
804 2093 882 2186 quo
895 2099 1040 2192 dicens,
1067 2123 1157 2193 quo·

135 2219 188 2274 am
202 2212 474 2270 commutaverunt
485 2198 620 2289 gloriam
634 2198 886 2289 incurruptibilis
906 2202 991 2287 Dei,
1019 2207 1056 2271 in
1064 2204 1156 2294 fimi.

136 2300 266 2370 udinem
291 2301 436 2390 imaginis
453 2298 614 2383 hominis,
640 2317 716 2368 non
736 2294 847 2367 solum
869 2317 955 2389 eos,
982 2303 1041 2391 qui
1059 2301 1157 2378 idola

135 2399 247 2488 lunt,
270 2417 443 2492 arguere,
471 2393 528 2469 sed
549 2395 582 2470 ta
606 2396 1003 2489 Anthropomorphitas
1029 2401 1157 2475 intelli·

137 2498 234 2592 ndus
260 2495 311 2574 est
336 2495 549 2584 confutate,
577 2495 694 2585 quiin
721 2491 878 2580 Ecclesia
902 2496 1008 2587 positi
1034 2501 1157 2596 imagi.

135 2619 180 2672 tm
197 2615 411 2689 corpoream
428 2594 607 2684 hominis,
632 2593 702 2665 Dei
722 2591 793 2666 elie
810 2594 997 2687 imaginem
1018 2599 1158 2689 dicunt,
1289 2673 1296 2686 ,

135 2709 305 2768 notantes
333 2696 446 2785 illud,
472 2694 570 2783 quod
595 2694 633 2764 in
659 2690 787 2767 Genan
820 2690 1087 2791 scriptumest,
1114 2699 1158 2773 ad
1251 2703 1254 2708 '

135 2796 284 2890 reginem
303 2793 371 2868 Dei
390 2791 517 2866 iaiium
535 2790 603 2864 elie
624 2791 824 2866 hominem:
851 2792 895 2866 de
922 2812 996 2886 quo
1013 2796 1161 2884 homino

135 2896 182 2967 ud
198 2893 420 2967 sentiendum
437 2893 502 2983 fit,
530 2894 574 2965 ab
598 2890 780 2983 Apostolo
802 2893 1159 2986 interpretatur'eurn

135 2996 208 3068 cit:
240 2998 435 3090 Deponentes
451 3010 587 3065 ueterem
607 2993 764 3061 hominem
782 3015 850 3061 cum
868 2991 992 3086 aiiibut
1004 2998 1072 3086 suis
1082 3050 1092 3084 ,
1118 2997 1159 3076 Θ·

137 3097 269 3183 iacenter
286 3117 421 3179 navum,
449 3099 505 3188 qui
514 3093 680 3180 secundnm
699 3097 804 3161 Deum
821 3111 942 3163 creatur
959 3095 1009 3191 esi.
1045 3098 1161 3173 Audis

135 3195 186 3264 aia
208 3212 349 3266 novum
376 3193 558 3268 hominem
587 3193 675 3264 dicit
698 3189 891 3266 secundum
918 3193 1037 3268 Deum
1064 3216 1161 3271 crea·

135 3293 204 3366 imi
253 3293 361 3374 Hunc
379 3305 497 3368 autem
513 3292 666 3365 eundem
686 3311 826 3362 novum
843 3291 1050 3387 hominem,
1077 3298 1163 3374 alibi

137 3397 288 3463 rariorem
303 3394 458 3462 hominem
479 3406 609 3464 vocata
637 3392 907 3481 corruptibilem
931 3414 1025 3467 veto
1048 3394 1161 3492 hunc,

135 3494 205 3586 tjna
219 3492 279 3565 hic
293 3488 648 3588 imaginemlreipuim
665 3491 883 3566 exteriorem
900 3492 1065 3565 nominat
1080 3515 1163 3576 cum

137 3593 211 3665 cit:
239 3594 328 3665 Nam
343 3594 382 3668 ii
393 3593 424 3687 fi
444 3596 489 3676 is,
516 3596 572 3687 qui
589 3589 677 3682 faris
693 3589 735 3684 est
755 3592 842 3661 homo
864 3591 966 3686 noller
985 3616 1163 3690 corrumpa-
1230 3639 1233 3644 -
1265 3603 1287 3659 ’.

137 3719 171 3780 r,
196 3692 251 3779 sad
271 3697 327 3789 qui
347 3698 440 3762 intus
464 3692 502 3786 qi
522 3701 708 3765 renouatur.
760 3686 809 3761 Et
829 3703 872 3764 ut
887 3692 1025 3784 planius
1047 3695 1163 3774 adhuc

136 3815 177 3866 us
196 3791 406 3866 sententiam
422 3789 533 3864 sciant
547 3785 622 3880 ilii,
641 3789 701 3878 qui
717 3789 761 3862 de
774 3791 925 3887 imagine
940 3790 1010 3864 Dei
1028 3811 1163 3887 errant,

135 3897 248 3965 tdiant
268 3913 373 3984 quem
392 3891 485 3966 dicat
502 3888 571 3965 elie
588 3888 788 3983 Apostolus
809 3890 1015 3979 hominem,
1043 3896 1101 3982 qui
1120 3895 1165 3976 ad
1319 3957 1320 3964 a

135 3998 288 4098 raginero
305 3993 377 4071 Dei
400 4004 541 4078 creatur
561 3990 647 4173 nli&
665 3987 817 4068 eumad
839 3987 1186 4173 Culoilenienaeoa

246 4145 254 4158 ·
475 4113 484 4128 ‘
674 4117 697 4194 s
785 4115 793 4142 ⁸
1021 4115 1090 4176 ruo
1120 4117 1149 4172 o
1298 4195 1301 4200 Α
