2825 4559
159 313 233 392 492
303 228 619 376 {ofurccurs
658 231 1053 370 commistarum

157 451 442 548 blasphematur,
466 464 617 547 putante
631 475 679 528 eo
695 474 802 547 quem
819 455 1127 551 perurgeap'ffianc
1140 449 1236 546 apud

161 555 372 634 moshrberi
389 551 517 637 fidem,
542 566 584 626 ut
606 552 742 628 srivum
765 552 844 629 fieri
867 558 1002 630 nullum
1028 554 1233 644 credamus,

163 653 228 729 niii
247 654 306 743 qui
324 651 431 728 suillis
449 651 614 726 vescatur
627 654 816 740 carnibus,
843 656 904 726 vel
927 656 1002 728 aliia
1022 651 1235 746 hujusmodi

162 753 415 828 c'ommunibua
438 751 472 826 ἀ
495 749 785 828 indifferentibus
800 753 912 830 'cibit
971 754 1085 827 Addit
1112 765 1235 825 autem

152 850 238 930 »bist
272 855 355 930 Non
369 856 453 923 euim
470 871 598 947 regnum
619 859 681 926 Dei
697 856 762 946 asca
779 856 818 930 6
833 871 926 949 porus
941 855 1000 950 eli,
1026 855 1075 940 [ed
1094 853 1239 950 jupir'rr'rr,¹

165 950 302 1048 Opere,
326 957 365 1028 U
384 952 596 1048 gaudianum
619 953 885 1049 Spiritusarriio.
939 955 979 1028 ln
1005 973 1079 1046 quo
1103 954 1237 1024 iterum

164 1052 406 1125 vehementer
429 1053 585 1127 admiror
603 1055 806 1143 sapientiam
826 1053 946 1144 Pauli,
974 1054 1031 1144 qui
1050 1051 1236 1149 presentia

163 1155 343 1246 temporis
358 1153 479 1246 culpat
495 1152 605 1226 futuri
621 1153 827 1231 sacrmenti
844 1153 1057 1236 auctoritate
1072 1148 1237 1244 compes·

166 1250 240 1340 cit,
266 1249 301 1321 or
324 1264 365 1324 ut
388 1249 556 1325 uccresre
584 1251 735 1330 formam
761 1253 910 1345 statuat,
937 1255 1034 1349 regni
1057 1255 1237 1324 coeiorum

162 1347 371 1443 mysterium
388 1351 521 1445 prodit.
553 1352 619 1424 Ait
636 1373 746 1442 ergo:
774 1354 872 1450 Quid
891 1374 982 1447 opus
1002 1350 1051 1424 est
1067 1365 1243 1443 tantope

104 1461 107 1470 '
157 1468 209 1524 ,re
228 1470 296 1542 pro
313 1450 449 1530 cibis&
464 1450 621 1526 escarum
637 1456 866 1545 qualitatibus
890 1452 1083 1532 fraternam
1105 1471 1233 1543 pacem

166 1548 453 1641 charitatemque
477 1555 644 1638 turbare,
676 1575 758 1629 cum
782 1573 929 1647 regnum
957 1553 1047 1644 Dei,
1082 1565 1234 1643 propter

170 1650 497 1742 quod‘laboramur
524 1651 559 1724 u
580 1654 776 1734 currimus,
801 1673 920 1743 neque
940 1673 1005 1745 per
1027 1648 1124 1723 oscas
1147 1669 1237 1723 corr-

169 1747 263 1839 stet,
288 1770 494 1845 nequeper
517 1763 664 1844 potum:
691 1755 749 1828 sad
769 1755 882 1825 aliena
900 1753 976 1824 haec
992 1752 1060 1825 sint
1084 1771 1238 1846 aregno

167 1846 266 1942 Dei,
294 1849 327 1922 δι
347 1854 391 1926 ab
407 1853 466 1928 iila
482 1850 763 1928 conversatione
778 1850 928 1925 futurai
963 1853 1015 1925 lbi
1034 1851 1127 1923 enim
1148 1851 1239 1925 iicut

167 1951 763 2146 trttitritt‘tui
778 1952 1133 2126 titurius?
1149 1956 1240 2123 ti

932 2104 944 2141 ἱ

168 2150 301 2244 Anger
319 2146 400 2224 Dei.
437 2154 551 2249 Igitur
567 2153 818 2228 absolutiffimo
837 2149 1056 2247 dogmate&
1075 2151 1241 2224 evidenti

120 2273 125 2278 ·
169 2252 215 2324 ab
240 2247 427 2340 Apostolo-
446 2254 620 2328 sententia
637 2255 867 2327 terminatum
883 2249 955 2341 est,
982 2253 1020 2322 in
1037 2268 1151 2345 regno
1171 2249 1242 2322 Dei

168 2369 291 2439 neque
309 2350 403 2442 escas
419 2358 629 2448 corporales
654 2373 774 2443 neque
790 2366 918 2444 potum
940 2352 1072 2426 habere
1091 2351 1241 2425 iocum:

168 2449 230 2528 sed
243 2449 408 2546 justitiam
426 2452 459 2527 &
475 2477 599 2547 pacem
615 2457 653 2527 in
669 2453 802 2546 Spiritu
817 2448 957 2524 santio:
989 2450 1022 2520 or
1042 2449 1128 2526 ideo
1152 2449 1240 2520 hor·

169 2563 291 2642 tatur,
316 2567 357 2624 ut
377 2555 412 2626 in
432 2556 499 2626 iliis
516 2577 584 2630 noc
602 2551 888 2636 exerceamur‚&
905 2551 963 2622 iila
980 2551 1076 2621 bona
1088 2549 1161 2639 jam
1182 2550 1241 2621 hic

168 2651 304 2730 habere
321 2656 554 2743 meditemur,
574 2670 681 2745 atque
697 2654 792 2726 iliam
809 2648 1031 2724 substantiam
1048 2649 1241 2739 possidere,

172 2771 252 2844 quae
268 2755 458 2828 nobiscum
478 2755 623 2829 transire
639 2752 744 2848 poffit
764 2751 934 2846 ad'regna
952 2750 1137 2822 coeiorum.
1168 2747 1242 2821 Pax

172 2871 281 2948 crgo,
309 2850 511 2946 &justitia‚
539 2854 617 2928 &ir
641 2874 709 2943 qua
731 2852 934 2944 huJusrnodi
951 2846 1051 2942 sunt,
1078 2867 1157 2938 quae
1178 2866 1242 2934 per

170 2947 341 3044 Spiritum
358 2951 512 3027 santium
532 2957 817 3043 conquiruntur,
843 2949 915 3042 ipsa
938 2949 1045 3021 nobis
1066 2962 1174 3038 erunt
1194 2948 1244 3020 ci·

171 3050 240 3128 bur
256 3050 289 3123 or
306 3047 493 3125 substantia
507 3054 544 3125 in
560 3074 671 3145 regno
688 3051 775 3124 Dei:
803 3054 835 3124 δι
852 3049 936 3121 ideo
954 3067 1018 3141 per
1034 3047 1110 3122 hec
1126 3047 1242 3119 docet

171 3166 251 3227 non
270 3150 425 3227 escarum
444 3154 688 3247 corporalium
706 3152 890 3241 rationes,
917 3168 993 3239 quae
1010 3149 1115 3221 nulle
1131 3161 1242 3220 erunt

169 3247 209 3326 in
233 3256 381 3346 futuro,
408 3250 467 3325 sed
489 3255 665 3330 virtutum
687 3270 807 3327 curam
826 3248 1041 3345 gerendam,
1068 3267 1146 3337 quae
1171 3268 1243 3320 no·

172 3353 311 3432 bitcum
333 3351 592 3447 &inpraesenti
612 3355 707 3440 vita,
737 3352 770 3423 cr
794 3353 830 3423 in
852 3349 977 3422 futuro
1006 3360 1242 3440 permaneant

171 3452 211 3531 in
228 3478 342 3556 regno
360 3456 449 3546 Dei..
495 3452 544 3527 Et
567 3457 654 3528 ideo
678 3451 789 3544 dicit,
816 3451 897 3540 quia
922 3451 978 3543 qui
1002 3456 1038 3516 in
1063 3449 1117 3516 iroc
1132 3449 1241 3534 servit

175 3564 322 3657 chripim
344 3561 447 3653 piacet
467 3557 551 3642 Deo,
577 3557 615 3631 (5
633 3557 783 3647 probatas
799 3548 1044 3648 eflhominiius.
1071 3547 1157 3620 Hoc
1176 3545 1242 3640 est,

174 3667 274 3761 quod
293 3669 326 3740 or
345 3663 389 3733 do
407 3659 441 3732 so
458 3656 536 3748 ipso
557 3658 592 3731 in
609 3655 684 3728 aliis
703 3655 810 3726 dicit:
837 3655 930 3721 Sicut
952 3648 991 3723 (5
1009 3672 1074 3737 epo,
1101 3650 1240 3737 inquit,

174 3771 318 3846 omnibus
335 3784 390 3860 per
407 3766 513 3832 omnia
523 3760 643 3853 praeeo,
667 3779 735 3824 non
750 3776 892 3851 querens
905 3749 985 3844 quod
999 3750 1081 3818 miiu'
1097 3751 1176 3816 urile
1183 3748 1242 3841 fir,

167 3875 221 3970 sed
243 3869 320 3965 quoi
342 3866 465 3937 mairie.
524 3859 614 3931 Ideo
639 3855 734 3928 enirn
761 3854 794 3926 δι
817 3871 898 3925 cum
923 3846 1010 3921 eiiet
1037 3844 1242 3941 Apostolus

175 3969 327 4067 curisti,
353 3962 464 4044 fiebat
479 3959 607 4058 Judaeis
625 3957 793 4056 Judaeua,
815 3951 888 4027 irne
906 3948 1017 4023 dubio
1036 3966 1076 4025 ut
1092 3949 1241 4044 placent

1129 4049 1191 4144 ru·
