2825 4559
157 313 161 330 ·
228 329 279 409 94
393 299 686 379 onronnrs
723 247 1166 389 commentor.-

231 467 402 546 munibus
424 468 537 540 utitur
558 463 740 540 institutis.
788 463 886 542 Nam
910 466 992 544 sunt
1013 473 1190 566 quaedam,
1218 494 1297 567 que

230 572 278 654 ‚ab
296 568 472 641 interiore
487 568 634 640 homine
655 565 794 640 initium
816 565 978 664 sumunt,
1006 569 1163 663 &usque
1180 577 1223 646 ad
1238 597 1300 648 ex·

226 671 406 764 terionem
421 663 663 759 perueniunt:
692 668 760 738 alia
774 687 869 739 vero
887 671 930 741 ab
950 672 1134 752 exteriore
1150 675 1298 754 homine

232 770 405 844 inchoata
423 767 641 861 perueniunt
654 765 765 857 usque
781 766 824 839 ad
840 767 1062 850 interiorem.
1108 774 1221 869 Quod
1239 796 1299 848 au·

231 886 306 944 tem
323 869 429 957 dico,
455 866 525 937 talc
541 864 599 938 eli.
628 861 661 936 Si
680 863 818 940 castitas
834 869 878 939 ab
894 871 1067 943 interiore
1083 871 1230 947 homine
1244 874 1298 946 su·

232 983 308 1046 mat
323 967 524 1056 exordium,
542 967 712 1057 pervenit
732 963 804 1038 srne
824 966 936 1042 dubio
953 969 1060 1062 usque
1079 973 1121 1043 ad
1141 975 1299 1048 exterio·

103 1144 106 1150 .
232 1090 322 1143 tem.
361 1069 495 1156 Neque
513 1067 607 1137 enim
629 1062 706 1137 lieri
727 1062 868 1158 potest,
894 1082 956 1160 ut,
981 1066 1104 1144 stante
1123 1073 1200 1161 quis
1219 1094 1298 1158 non
1325 1111 1332 1128 ··

231 1169 432 1246 moechetur
452 1167 489 1239 in
507 1163 639 1249 corde,
667 1166 834 1237 moechari
854 1163 957 1257 polilt
975 1169 1199 1262 incorpore.
1224 1173 1298 1256 Sed

231 1288 310 1344 non
329 1259 507 1340 c'ontinuo
523 1261 627 1353 siquis
641 1265 684 1336 ab
697 1266 887 1360 exterioris
903 1268 1058 1342 hominis
1076 1271 1222 1363 incipiat
1239 1293 1297 1346 ca·

228 1368 373 1459 stitate,
406 1362 574 1457 pervenit
592 1365 698 1436 etiam
718 1363 762 1436 ad
781 1366 990 1441 interiorem
1010 1372 1295 1460 continentiam,

232 1483 274 1542 ut
294 1467 318 1540 sr
336 1485 411 1539 non
428 1461 625 1538 moechatur
640 1463 676 1535 in
693 1481 867 1556 corpore,
885 1485 952 1538 nec
968 1466 1004 1539 in
1019 1470 1132 1541 corde
1145 1472 1300 1546 moeche3

231 1583 302 1644 tur.
327 1562 530 1640 Secundum
545 1565 621 1635 haec
639 1582 726 1657 ergo
748 1564 969 1639 circumcisio
985 1567 1169 1642 interioris
1187 1569 1221 1641 u
1236 1591 1298 1644 ex·

228 1659 376 1742 terioris
395 1663 549 1737 hominis
572 1662 774 1757 allegoricis
796 1664 931 1757 legibus
954 1666 1190 1763 intelligatur,
1214 1690 1299 1746 cum

227 1769 301 1862 jam
324 1784 443 1855 neque
469 1764 620 1834 interior
642 1764 702 1834 ille
726 1761 949 1854 concupiscit
965 1767 1002 1840 in
1018 1770 1150 1860 corde,
1177 1789 1298 1861 neque

232 1865 393 1940 exterior
412 1859 475 1934 iste
490 1859 792 1953 concupiscentie
807 1861 980 1937 ministrat
999 1860 1035 1939 in
1053 1882 1229 1961 corpore:
1256 1882 1299 1944 ut

233 1960 462 2041 circumcisul
478 1962 614 2032 dicatur
631 1963 667 2032 in
685 1981 793 2034 carne
808 1963 890 2052 ille,
916 1961 1233 2059 quemApustolus
1249 1969 1300 2042 di·

232 2066 285 2139 cit
297 2064 368 2155 iarn
388 2082 465 2137 non
483 2058 552 2133 else
567 2063 603 2134 in
620 2079 749 2152 came,
775 2059 886 2135 sedin
904 2060 1046 2158 spiritu,
1074 2066 1106 2138 dr
1125 2071 1183 2161 qui
1201 2067 1298 2143 adius

91 2175 117 2218 ἰ
233 2164 349 2238 carnis
366 2182 430 2256 pet
448 2159 604 2253 spiritum
627 2151 834 2236 mortificat.
862 2161 998 2236 Verum
1016 2167 1206 2258 quoniam,
1235 2168 1298 2258 qui

232 2257 462 2338 circumcisus
480 2257 553 2358 est,
581 2257 732 2351 aliquam
751 2278 893 2336 carnem
911 2257 1089 2355 perditum
1107 2267 1219 2357 dedit,
1237 2268 1301 2340 ali·

221 2384 339 2457 ¹quam
354 2360 512 2436 servavit
527 2360 769 2451 incolumem,
797 2362 833 2434 in
849 2381 910 2454 eo,
931 2366 1029 2454 quod
1045 2366 1222 2456 perditum
1239 2361 1301 2440 de-

232 2466 307 2556 dit,
335 2457 431 2536 illam'
454 2478 597 2535 carnem
617 2456 805 2556 significati
827 2476 939 2553 puto,
967 2462 1012 2536 de
1036 2483 1104 2556 qua
1131 2463 1308 2557 scriptum

207 2621 211 2630 .
234 2564 303 2639 est:
327 2565 440 2633 Omnis
455 2583 527 2631 caro
534 2561 714 2652 lenum&
724 2565 826 2630 amnis
838 2565 938 2653 gloria
953 2567 1019 2658 ejus
1036 2564 1186 2662 quafiflus
1196 2565 1296 2657 soeni.

233 2664 330 2738 Caro
353 2674 493 2750 autem,
528 2672 606 2752 quae
629 2656 790 2734 servatur
817 2660 1063 2757 &incolumis
1089 2673 1298 2760 permanet,

230 2778 324 2858 puto
339 2759 441 2853 quod
453 2758 605 2844 formam
620 2772 744 2834 teneat
760 2759 852 2834 illius
871 2762 1000 2853 carnis,
1010 2764 1055 2835 de
1070 2785 1139 2855 qua
1154 2766 1298 2854 dicitur,

233 2861 316 2955 quia
329 2866 431 2934 omnir
445 2884 516 2931 curo
533 2859 654 2930 videlic
665 2859 813 2946 salutare
838 2865 906 2934 Dei.
942 2861 1012 2934 Sed
1028 2880 1121 2956 opus
1138 2863 1188 2936 est
1207 2867 1298 2938 auri·

232 2962 323 3054 bue,
351 2980 428 3054 quae
443 2958 565 3032 audite
585 2954 737 3052 posint,
764 2979 842 3049 quae
860 2958 900 3032 srt
922 2980 1032 3050 caro,
1059 2983 1135 3053 quae
1156 2979 1296 3056 pereat,

232 3057 267 3134 d
292 3079 370 3151 quae
389 3058 431 3132 fit
453 3077 563 3151 cato,
591 3077 668 3150 quae
685 3058 825 3130 videbit
840 3055 989 3133 salutate
1004 3058 1094 3135 Dei:
1121 3064 1298 3155 quaeposl

230 3160 493 3254 depositionem
517 3161 631 3231 carnis
650 3149 818 3250 ‘preputii
842 3155 936 3233 salva
959 3175 1186 3254 permaneat,
1212 3182 1297 3238 cum

228 3259 289 3333 illa
307 3271 348 3332 ut
363 3253 433 3332 flos
450 3249 535 3330 foeni
552 3258 735 3332 deciderit.
780 3255 893 3356 Quod
909 3261 967 3351 qni
981 3259 1215 3348 intellexerit,
1242 3265 1295 3336 in·

231 3360 358 3433 veniet
373 3358 573 3454 ingentium
586 3352 838 3452 mysteriorum
852 3351 985 3434 formas
1005 3359 1041 3433 in
1059 3361 1295 3436 circumcisio·

140 3503 143 3508 ·
231 3461 285 3532 nis
303 3461 448 3538 ratione,
462 3456 673 3551 premissas,
699 3455 913 3536 &inveniet
931 3476 1027 3551 eum,
1044 3461 1103 3552 qul
1120 3457 1155 3534 in
1172 3459 1295 3534 occul·

231 3573 274 3633 to
290 3557 431 3651 Judoeus
450 3557 520 3648 est,
537 3553 571 3628 dc
588 3557 647 3647 qui
666 3557 702 3628 in
720 3553 895 3630 interiore
907 3555 1055 3633 homine
1069 3555 1296 3658 circumcisus

88 3723 91 3730 .
232 3655 303 3748 eli,
329 3672 468 3740 tantum
489 3647 651 3750 praestrre
677 3651 1006 3750 &eminentiorem
1028 3657 1098 3731 elle
1115 3662 1206 3754 illo,
1234 3657 1295 3750 qui

135 3831 139 3842 ,
231 3757 423 3832 secundum
441 3753 728 3849 carnemJudaeus
740 3753 983 3847 est,quantum
1004 3753 1144 3849 praestat
1160 3760 1193 3833 dt
1209 3762 1295 3836 emi·

231 3873 295 3930 net
317 3855 424 3950 Judas
439 3857 520 3946 ille,
545 3840 671 3948 -queml
686 3855 893 3930 collaudant
919 3851 1045 3930 fratres
1070 3855 1139 3948 sui,
1173 3861 1211 3960 dt
1233 3859 1294 3948 qui

196 4033 206 4056 ,
230 3958 405 4032 dormivit
419 3967 461 4030 ut
474 3958 557 4050 leo,
584 3957 618 4028 dc
641 3966 683 4030 ut
705 3957 845 4030 catulua
869 3959 987 4030 leonia
1014 3953 1198 4040 suscitatur
1227 3958 1292 4055 cil,

628 4071 633 4112 :
915 4045 926 4074 ¹
1192 4053 1243 4130 illi
