2825 4559
208 345 278 422 ,ω
369 301 653 398 nutemus
695 316 1103 417 commendam
1144 256 1146 262 ⁵

209 504 299 581 argo
326 485 442 578 magia.
462 481 606 556 videtur
628 483 724 556 iilius
759 483 874 557 adhue
906 495 1032 557 tenere
1062 478 1275 581 personam,

211 605 314 676 quam
336 580 439 676 supra
460 583 497 656 in
521 578 710 674 semetipso
735 581 938 676 descripsit,
962 582 1058 675 quast
1082 584 1280 656 uoluntate

208 685 280 779 jam
299 680 538 775 &proposito
557 680 767 757 ad‘meiiora
783 682 961 776 conversi,
977 685 1010 754 dt
1027 696 1150 758 mente
1167 697 1278 773 atque

212 786 333 858 animo
347 780 415 882 legi
432 779 500 856 Dei
517 777 726 872 servientis,
740 782 902 865 nondum
919 781 1090 857 tamenid
1106 780 1281 856 obtinuiss

211 882 268 966 fe,
295 896 335 970 ut
351 883 456 956 etiam
473 882 586 955 earnis
604 881 848 956 obedientiam
867 884 904 955 in
923 879 1131 955 eonsensum
1146 884 1281 955 mentis

162 1022 166 1028 ·
213 980 421 1057 adduceret.
461 976 606 1055 Etenim
625 983 796 1073 quoniam
813 983 850 1055 in
864 980 1106 1073 superioribus
1122 980 1168 1054 de
1184 1000 1283 1062 mor·

187 1076 414 1164 *tificatione
438 1082 604 1174 corporis
629 1078 860 1188 dideruetat,
888 1081 922 1154 dt
948 1080 1091 1156 Christo
1116 1100 1281 1154 commo·

212 1181 375 1284 tiendum
403 1177 472 1253 effe
498 1181 698 1275 docuerat,
725 1181 762 1269 in
788 1181 1287 1273 hianunc,quatn·nons1t.
1323 1231 1325 1235 -

213 1279 371 1356 otiosum
386 1278 459 1354 hoc
475 1300 581 1373 opus,
597 1280 743 1355 videtur
759 1278 970 1366 ostendere,
995 1277 1285 1371 &docerequia

212 1400 291 1457 nen
306 1377 444 1470 statim,
470 1393 512 1452 ut
528 1381 610 1453 vult
624 1381 764 1474 aliquia,
780 1380 814 1454 de
829 1394 871 1455 ut
885 1380 1115 1474 proposuerit
1129 1380 1283 1470 bonum,

214 1480 394 1554 continuo
411 1480 518 1554 etiam
531 1478 629 1556 fatto
645 1480 876 1576 adimpletur,
902 1476 960 1553 sed
978 1481 1039 1556 vel
1054 1475 1284 1552 consuetudi.

214 1578 276 1657 nis·
287 1594 386 1651 tanta
403 1573 545 1671 vis‚t'nel
560 1580 733 1656 vitiorum
748 1595 846 1655 tanta
863 1579 1018 1654 dulcedo
1038 1577 1111 1670 est,
1135 1594 1190 1667 ut,
1201 1597 1284 1653 cum

216 1679 353 1752 animus
374 1700 445 1772 Jam
467 1679 630 1773 intendat
646 1683 689 1754 ad
714 1682 907 1771 virtutem,
934 1681 1050 1776 &legi
1065 1679 1136 1753 Dei
1152 1676 1286 1751 servire

215 1778 411 1871 decenn,
437 1779 552 1859 carnit
568 1791 686 1875 tamen
702 1777 874 1856 defideria
893 1778 1030 1876 servire
1046 1790 1223 1873 peccato,
1250 1778 1285 1853 de

215 1878 355 1975 legibus
373 1877 449 1969 ejus
469 1897 595 1971 parere
611 1878 856 1975 persuadeant.
896 1940 898 1943 -
1061 1881 1066 1894 “

294 1998 351 2050 11.
379 1978 483 2049 Nihil
497 2002 564 2071 ergo
581 2003 667 2050 nunc
681 1982 897 2054 damnationis
911 1978 953 2077 efl
968 1980 1038 2065 Itis,
1065 1981 1122 2075 qai
1142 1971 1222 2070 fient
1246 1981 1287 2044 in

219 2077 343 2171 cerisio
363 2077 454 2173 Jesu.
484 2081 556 2149 Lex
573 2084 658 2150 enim
669 2079 804 2175 spiritus
822 2083 901 2151 vite
917 2086 953 2147 in
972 2079 1096 2175 Chrifia
1114 2080 1195 2172 Jeja
1212 2075 1287 2151 iiie,

216 2184 310 2247 teuit
328 2202 374 2248 me
393 2179 488 2269 alege
501 2185 621 2272 peceati
638 2178 675 2255 d
692 2185 815 2255 martis.
867 2180 959 2278 Quat
986 2176 1073 2251 esset
1098 2174 1288 2250 diverfitaa

216 2276 253 2352 in
271 2276 347 2367 bis,
375 2277 434 2365 qui
460 2278 563 2351 velut
587 2279 625 2351 in
643 2280 799 2370 quodam
816 2280 1011 2352 certamine
1034 2276 1139 2370 ponti
1163 2289 1291 2352 mente

165 2403 179 2450 >
216 2374 359 2467 quidem
378 2374 572 2456 seeundum
588 2379 705 2473 legem
724 2378 794 2453 Dei
810 2381 966 2468 vivunt,
986 2378 1101 2451 carnia
1118 2394 1211 2447 vero
1228 2376 1291 2447 de.

215 2473 349 2549 sideriis
369 2492 520 2571 aguntur
538 2477 576 2551 in
592 2479 706 2574 legem
722 2480 885 2573 peccati,
912 2479 948 2551 in
964 2475 1205 2569 superioribus
1222 2474 1290 2546 do«

219 2574 305 2651 nuit
356 2574 579 2651 Nunevero
597 2578 642 2652 de
657 2578 713 2653 his
731 2580 840 2662 dicit,
866 2580 1020 2670 quinon
1036 2579 1107 2669 jam
1123 2596 1168 2648 ex
1187 2590 1292 2670 parte

214 2675 252 2751 in
272 2695 402 2768 earne,
429 2698 472 2750 ex
489 2693 592 2774 parte
613 2678 650 2752 in
666 2676 811 2773 spiritu,
838 2676 896 2752 sed
913 2699 957 2750 ex
971 2679 1116 2773 integro
1133 2677 1170 2747 in
1187 2672 1290 2747 chri-

214 2772 271 2868 sto
288 2773 387 2853 sunt:
415 2775 450 2848 dt
475 2778 694 2870 pronunciat
717 2780 756 2853 in
778 2779 832 2852 hia
858 2776 948 2853 nihil
967 2776 1198 2866 damnatione
1213 2772 1289 2848 effe

215 2874 382 2968 dignum,
410 2877 492 2966 quie
512 2876 566 2947 lex
579 2876 714 2970 spiritus
730 2883 809 2971 vite
826 2883 861 2948 it:
884 2876 1010 2969 Christe
1026 2875 1107 2973 Jesa
1122 2875 1286 2949 liberauit·

151 2995 155 3003 ¹
194 2974 391 3064 ‘eosatega
401 2975 703 3068 peccaeivmortin
732 2977 808 3052 Lex
823 2990 942 3050 autem
957 2974 1098 3068 spiritua
1113 2977 1198 3049 vitae
1212 2993 1287 3049 una

217 3071 415 3162 eademque
428 3070 583 3165 ‚einquae
600 3075 632 3146 n
649 3076 707 3150 lex
724 3076 817 3152 Dein
842 3074 931 3149 ficut
943 3073 1076 3154 rursum
1094 3096 1163 3149 una
1179 3088 1289 3165 atque

214 3171 339 3245 eadem
358 3171 407 3248 est
430 3173 487 3262 dex
505 3176 646 3269 peccati
666 3175 855 3253 &mortim
905 3173 1007 3249 Nihil
1032 3196 1120 3272 ergo
1139 3175 1283 3249 damnat

213 3270 327 3348 tinnit
346 3272 414 3344 etit
433 3272 508 3366 hia,
538 3274 597 3364 qui
611 3296 631 3349 a
647 3277 727 3373 lege
740 3276 984 3369 pacemque
1000 3274 1052 3348 est
1067 3278 1125 3349 lex
1140 3277 1283 3367 montis,

211 3373 359 3465 penitus
379 3372 597 3455 liberantur,
624 3375 744 3473 &legi
760 3373 853 3467 Dei,
880 3396 958 3468 quae
977 3372 1027 3449 est
1047 3376 1106 3448 lex
1127 3372 1283 3471 spiritus,

138 3487 142 3492 ·
211 3467 385 3544 serviunt.
412 3469 557 3545 servire
572 3488 690 3570 autem
707 3476 777 3572 legi
793 3474 885 3565 Dei,
912 3474 945 3547 dt
961 3472 1030 3548 effe
1045 3474 1107 3548 sub
1121 3477 1202 3570 lege
1217 3475 1283 3569 spi,

210 3571 324 3674 ritus,
341 3570 416 3644 hoe
431 3570 482 3645 est
501 3570 642 3647 christo
661 3574 810 3651 servire.
838 3572 979 3649 Christo
995 3589 1117 3653 autem
1133 3573 1282 3670 servire,

210 3668 286 3742 hoc
302 3668 353 3743 est
369 3669 499 3747 servire
513 3670 708 3767 sapientiae3
734 3674 808 3750 hoc
824 3672 875 3749 est
891 3674 1023 3748 servire
1033 3671 1194 3767 Justitiae,
1213 3673 1284 3751 ser.

174 3819 179 3830 -
209 3770 293 3841 vire
319 3771 486 3863 veritati,
523 3771 763 3866 ominibusque
787 3773 887 3849 fimul
913 3772 1046 3847 servire
1072 3776 1283 3854 uirtutibus.

177 3879 180 3884 ·
210 3861 323 3941 Unde
344 3889 421 3943 non
446 3869 497 3944 est
521 3876 741 3967 putandum,
768 3876 867 3965 quod
887 3874 929 3947 ad
945 3873 1097 3949 subitum
1114 3877 1217 3967 quis,
1247 3876 1284 3954 da

205 3961 328 4052 statim
346 3983 387 4053 ut
405 3972 589 4078 voluatit,
614 3994 635 4055 a
652 3972 800 4058 seruitio
819 3976 908 4082 legia
928 3976 1071 4078 peccati
1090 3969 1285 4156 tranii‘iatue

169 4127 174 4133 .
870 4106 879 4117 =
1157 4095 1178 4157 e
1215 4118 1231 4143 a
