2825 4559
124 349 134 378 t
205 231 615 388 ¹turtum-‘nnn
639 297 1050 380 notionem-1.
1144 326 1196 400 31·
1321 237 1323 262 Ι

124 481 185 562 ret
210 463 306 565 Joeb
334 473 523 540 numerare
545 461 733 558 populum.
782 462 853 537 Sed
884 462 1085 538 &ministri
1113 465 1190 556 eius

123 563 372 667 fignificantur
392 581 435 636 ac
455 560 565 657 socii,
590 565 719 652 ineo,
746 565 844 654 quod
870 564 1022 640 dicitur:
1059 567 1191 662 lmmtfit

126 677 168 742 in
187 693 235 740 eoa
251 675 334 739 iram
350 663 479 757 furoris
490 665 562 754 frti,
587 663 851 749 tribulationem‚'
868 671 904 740 (7
927 671 1081 763 iromeper
1100 691 1190 760 onge-

123 771 173 844 τοι
189 769 298 843 ordor.
322 763 507 840 Interdum
525 766 630 837 etiam
646 761 751 856 ipsius
766 762 1011 858 conscientie,
1033 787 1113 840 cum
1132 768 1193 839 de-
1247 795 1249 800 ·

123 870 341 960 linquimus,
360 866 500 938 ultores
516 863 727 937 &vindices
744 860 871 936 stimuli
888 865 939 936 ira
952 871 1191 959 appellantur,

125 969 220 1045 ficut
238 968 334 1040 idem
354 962 555 1056 Apostolus
581 965 686 1037 dicit:
715 965 866 1036 Recoodis
888 967 950 1052 tiit
977 967 1029 1062 tpfi
1051 973 1192 1037 immin

103 1073 179 1164 ‘die
200 1074 275 1162 ἕνας
299 1045 339 1138 δῖ
347 1063 449 1137 alibi:
479 1067 566 1136 Inter
587 1065 617 1150 [e
639 1066 778 1133 invicem
793 1067 1031 1158 cogitationibus
1049 1068 1192 1154 oocuson·
1224 1147 1226 1152 ,
1336 1045 1338 1050 ⁵

108 1169 232 1255 tiberi,
256 1173 428 1237 autetiam
444 1163 699 1254 defendentibus,
727 1169 762 1231 in
779 1167 827 1236 die
843 1189 910 1234 cum
924 1166 1080 1262 judicabit
1105 1173 1199 1243 neos,

129 1269 251 1342 monito
271 1270 445 1336 boninum.
496 1263 567 1335 Sed
588 1264 882 1336 &tribulationis
901 1269 961 1337 vei
981 1267 1195 1339 tentationis

129 1366 277 1442 affliitio
299 1367 351 1438 ira
379 1364 451 1437 Dei
473 1364 700 1451 nominatur,
728 1363 817 1436 sieut
842 1364 875 1436 δι
898 1365 970 1458 Job
995 1369 1101 1438 dicit:
1140 1371 1194 1436 ira

131 1485 242 1541 outtm
268 1471 405 1538 Domini
426 1464 466 1562 est
485 1470 522 1531 im
543 1487 664 1553 corpore
682 1473 756 1534 meo.
808 1459 880 1534 Cur
897 1479 1013 1538 autern
1036 1465 1080 1539 de
1098 1467 1192 1537 coelo

129 1579 231 1643 nunc
250 1567 301 1638 ira
321 1565 450 1636 dicitur
468 1560 654 1635 revelari?
688 1560 852 1637 Fortaffis
873 1565 915 1635 ad
934 1565 1197 1643 ditiiniiionem
1294 1639 1296 1644 .

132 1668 279 1741 alteriue
296 1667 379 1758 irae,
407 1683 484 1753 quae
504 1681 580 1735 non
600 1661 650 1733 est
667 1665 712 1734 de
731 1663 846 1756 eoein,
872 1678 913 1735 ut
933 1663 984 1737 est
998 1667 1104 1741 illud:
1133 1671 1197 1737 Fu·
1298 1673 1302 1684 “

133 1789 189 1841 tut
204 1770 373 1862 draconum
396 1771 515 1833 uinum
532 1785 653 1846 eorum,
680 1763 719 1837 U
735 1760 832 1853 sutor
850 1763 1047 1860 serpentium
1067 1767 1197 1854 insono·

134 1867 223 1944 bitis.
274 1866 354 1937 Aut
374 1863 472 1937 forte
490 1859 589 1954 quod
611 1859 673 1954 ipsr
692 1859 878 1936 adversum
899 1883 991 1955 quos
1012 1864 1129 1940 sermo
1148 1867 1198 1938 di·

130 1966 280 2064 rigitur,
307 1985 382 2037 non
404 1968 440 2036 in
462 1963 687 2060 ignorantia,
717 1960 835 2034 sedin
860 1962 1006 2036 scientia
1033 1968 1197 2039 veritatis

132 2084 291 2164 peccare
315 2065 502 2148 dicuntur,
529 2062 614 2135 ideo
636 2063 672 2133 in
692 2081 757 2132 eos
780 2059 826 2132 de
848 2064 940 2134 coelo
962 2057 1065 2156 ¹poena
1083 2068 1201 2163 dirigi·

131 2181 212 2240 tur:
238 2163 325 2237 inde
340 2163 435 2236 enim
452 2181 636 2258 poenarum
651 2161 807 2234 minister
824 2165 952 2254 accipit
971 2163 1198 2253 potestatem.

133 2265 208 2339 Vel
228 2278 331 2337 certe
347 2265 430 2354 ¹quia
443 2262 608 2353 spiritalia
627 2262 819 2351 nequitie,
838 2261 1020 2335 aduersum
1042 2285 1118 2356 quae
1132 2287 1200 2338 no·

135 2365 190 2440 bio
211 2377 397 2437 certamen
419 2360 492 2456 est,
519 2363 555 2434 in
578 2357 777 2445 coelestibuo
803 2358 872 2431 eise
895 2364 1085 2454 dicuntur,
1113 2385 1201 2437 con·

85 2507 88 2529 ι
131 2461 328 2555 sequenter
345 2465 380 2534 in
400 2483 488 2553 eos,
510 2462 575 2552 ¹nui
600 2462 643 2531 ab
663 2462 717 2531 his
737 2459 965 2553 superantur,
992 2463 1042 2534 iro
1065 2461 1133 2536 Dei
1156 2461 1202 2538 d'e

85 2601 91 2630 t
140 2567 232 2636 ereio
255 2563 386 2635 dicitur
408 2561 578 2653 joculari:
607 2561 709 2631 velut
732 2561 754 2631 sr
781 2559 958 2655 dicamus,
986 2566 1067 2654 quia
1090 2565 1202 2659 ignita

85 2691 88 2702 ·
140 2663 179 2736 in
204 2683 266 2735 eos
293 2665 364 2733 teia
393 2662 477 2732 inde
503 2661 712 2744 vibrantur3
740 2658 975 2753 evomere,
1008 2663 1136 2753 quibus
1164 2666 1202 2737 in
1254 2693 1258 2704 ·

136 2776 291 2858 peecata
315 2773 485 2851 currunt,
511 2758 596 2832 inde
621 2755 833 2851 suscipiunt:
859 2761 894 2831 hi
920 2781 1034 2852 vero,
1062 2765 1120 2854 qui
1147 2779 1204 2836 to-

136 2864 209 2935 tino
230 2862 392 2934 veritatis
412 2872 577 2952 expertes
599 2857 700 2940 sunt,
728 2859 831 2929 velut
855 2861 913 2950 qui
939 2861 1025 2933 nihil
1045 2859 1204 2938 habeant
1284 2887 1289 2894 ·

137 2981 333 3037 commune
350 2982 429 3034 cum
450 2961 543 3031 coeio
562 2959 595 3031 do
615 2959 718 3048 luce,
745 2959 830 3031 iram
851 2960 912 3031 vel
933 2962 1105 3034 vitiorum
1125 2962 1205 3037 suo·

135 3059 544 3154 rum‚pais10numnue,
563 3060 622 3130 vel
643 3058 865 3150 demonum,
884 3061 1010 3148 quibus
1026 3059 1060 3134 ie
1074 3060 1204 3152 sponte

90 3177 95 3214 ·'
137 3160 394 3252 subdiderunt,
421 3157 619 3253 perferunt.
673 3163 713 3229 In
735 3181 853 3227 omnem
873 3166 1065 3253 impietatem
1084 3161 1121 3236 δ
1139 3167 1206 3230 imi·

97 3970 105 4066 Ι
141 3958 288 4061 ,gnosci
304 3959 355 4034 (ι.
365 3958 451 4035 Deo
466 3955 588 4053 potest
599 3976 667 4055 per
684 3952 927 4048 conjeituram
943 3972 1143 4051 creature,
1166 3974 1219 4031 er.

87 4135 101 4218 i

101 3279 105 3300 ²
163 3265 297 3332 uitatem
320 3262 502 3345 hominum,
529 3265 584 3355 qui
600 3263 782 3327 veritatem
797 3263 833 3326 in
853 3263 1029 3353 iniquitate
1046 3264 1203 3337 detinent.

157 3363 332 3455 mpietat,
358 3362 395 3431 in
411 3358 527 3430 Deum
548 3377 700 3453 peccare
721 3355 797 3445 est3
824 3358 1013 3448 iniquitas,
1039 3359 1074 3432 in
1093 3362 1208 3434 homi·

139 3481 218 3535 nes.
272 3460 313 3533 In
328 3458 450 3531 ‘Deum
467 3479 555 3554 ergo
571 3459 604 3531 dt
623 3460 657 3530 in
678 3458 844 3529 homines
863 3475 1037 3550 peccant,
1066 3463 1125 3551 qui
1144 3482 1208 3534 ve·

139 3564 287 3635 ritatem
302 3564 337 3630 in
354 3558 542 3648 iniquitate
559 3560 733 3630 detinent.
762 3558 878 3651 Quam
895 3559 1085 3631 veritatem
1099 3578 1210 3656 agno·

140 3657 232 3734 viiie
255 3658 425 3734 credendi
449 3656 530 3732 suot
550 3660 716 3731 hominen
746 3658 992 3747 naturalibus,
1021 3657 1097 3730 &a
1122 3660 1207 3735 Deo
1285 3741 1287 3746 ,

141 3763 270 3837 anime
291 3757 401 3832 insitio
425 3761 650 3846 rationibus3
684 3756 814 3846 quibus
842 3771 979 3829 tantum
1008 3761 1209 3848 prudentie
1304 3772 1309 3777 ·

141 3856 352 3936 eoncessum
368 3855 439 3950 est,
464 3870 507 3929 ut
520 3859 618 3946 quod
636 3871 764 3930 notum
782 3851 831 3926 est
847 3855 937 3947 Dei,
961 3855 1083 3937 idest,
1110 3860 1210 3950 quod

1098 4060 1188 4141 titt„
