2825 4559
163 290 215 369 ao·
329 266 1054 361 ORIGENISCOMMENTAR,

167 456 243 513 non
267 434 380 513 solurn
405 439 463 531 qui
491 436 627 511 sariunt
648 438 730 529 illa,
762 436 822 511 sed
849 436 882 509 dr
906 442 967 527 qul
992 434 1234 513 consentiunt

168 536 394 609 facientibus.
445 534 493 609 Et
512 539 597 610 ideo
616 557 684 630 pro
701 539 756 612 his
774 538 941 611 omnibus
962 539 1062 609 mulir
1081 540 1239 637 inexcu·

168 636 294 711 srbilea
310 648 440 723 erunt,
467 637 551 711 durn
570 638 660 711 alior
678 638 714 710 in
734 638 809 728 hia,
833 657 914 726 oure
931 635 993 729 ipsr
1010 652 1140 732 agunt,
1157 637 1236 715 see·-

168 736 301 811 leribur
317 734 351 807 dr
368 731 526 831 judicant
544 736 578 807 u
598 736 854 809 condemnant.
906 733 965 808 De
983 733 1019 809 se
1036 740 1130 809 enirn
1147 756 1249 831 pro-t=
1272 758 1279 767 ·

169 834 317 909 nunciat
332 835 432 926 quir,
460 854 540 910 cum
556 834 602 909 de
618 834 695 927 hir,
715 856 792 926 quae
810 833 883 931 ipse
897 836 1105 925 committit,
1123 836 1237 911 alium

170 932 285 1027 punit.
321 934 494 1007 Arbitror
511 949 629 1009 autern
648 933 807 1009 sufficere
824 956 884 1022 ea,
912 954 990 1025 quae
1009 934 1053 1008 de
1068 934 1234 1008 traditioss

169 1032 224 1105 nir
247 1028 365 1121 specie
389 1030 491 1127 supra
516 1032 606 1106 ditla
627 1028 732 1126 sunt,
759 1034 948 1127 quomodo
972 1033 1239 1109 Deustradere

171 1128 301 1205 dicitnr
321 1152 411 1221 eos,
438 1153 590 1223 quorum
617 1132 711 1206 astus
737 1134 768 1205 ἃ
794 1134 946 1207 animum
963 1153 983 1206 a
1000 1134 1034 1207 se
1055 1132 1237 1211 declinan-

170 1242 267 1312 tem,
297 1228 330 1299 ἃ
352 1231 598 1325 indulgentem
620 1231 956 1310 vitiisabhorrescit
973 1232 1006 1305 dt
1025 1231 1174 1322 deserit,
1201 1234 1236 1307 ὰ

171 1328 295 1399 eodem
321 1342 491 1423 repetere
513 1328 727 1426 superfluum
751 1348 854 1424 puto.
912 1331 999 1405 Duo
1026 1330 1105 1405 sunt
1131 1332 1234 1427 sane,

173 1428 305 1513 quein
325 1426 506 1502 hocloco
529 1432 677 1505 indicari
699 1453 805 1525 reor,
832 1449 986 1524 quorum
1005 1434 1155 1507 alterurn
1177 1436 1236 1505 de·

170 1523 295 1617 llpnari
313 1528 457 1600 videtur
476 1550 521 1601 ex
537 1533 664 1606 altero.
692 1530 840 1607 Certum
860 1550 1012 1621 namque
1028 1530 1094 1621 est,
1110 1531 1235 1622 quotu

172 1640 386 1715 qtremquam
404 1628 594 1703 tradiderit
606 1633 707 1705 Deus
720 1634 780 1703 vel
798 1633 833 1703 in
850 1630 1018 1703 desrderia
1036 1631 1156 1703 cordis
1175 1630 1251 1725 sui,-

170 1721 231 1795 vel
251 1724 289 1795 su
308 1726 481 1816 pelliones
494 1731 721 1825 ignominie,
742 1732 802 1802 vel
818 1732 854 1802 in
872 1732 1068 1822 reprobum
1087 1727 1237 1825 sensum,

172 1822 354 1895 continuo
372 1838 541 1919 tanquam
557 1833 593 1902 in
611 1844 705 1902 terra
723 1830 862 1921 pessima
880 1828 913 1901 dr
928 1832 1098 1922 reproba,
1118 1834 1236 1904 omnia

171 1918 233 1993 illa
257 1919 294 1993 in
317 1942 366 1996 eo
389 1928 449 2019 qui
474 1931 647 2022 traditur,
675 1929 773 2025 seges
802 1930 986 2002 criminum
1010 1928 1136 2024 surgat.
1190 1926 1237 2003 El

172 2016 312 2095 rursum
330 2022 435 2115 liquis
449 2048 529 2103 curn
544 2031 765 2125 cognoverit
782 2028 914 2123 Deum,
929 2049 1004 2101 non
1015 2029 1103 2109 srcut
1120 2028 1238 2103 Deum

172 2116 403 2220 magnificet,
431 2142 492 2201 aut
506 2131 635 2224 gratias
654 2142 754 2223 agat,
782 2126 839 2201 sed
862 2128 903 2201 srt
920 2130 999 2200 talis
1016 2128 1153 2219 qualem
1174 2146 1239 2222 per

172 2214 307 2313 singula
325 2222 560 2319 Apostolicus
576 2228 692 2301 serrno
710 2227 908 2319 descripsit,
935 2228 1079 2299 dubium
1099 2248 1173 2302 non
1189 2224 1240 2301 est

172 2316 425 2409 hrrjurcerrodr
451 2330 602 2401 animaru
627 2324 827 2399 derelidiarn
846 2325 915 2399 esse
937 2348 955 2399 a
976 2326 1059 2399 Deo
1080 2326 1112 2397 dr
1133 2328 1238 2399 tradi·

177 2432 262 2492 tarn.
317 2422 451 2516 Neque
476 2429 571 2500 enirn
594 2426 754 2519 poffibile
776 2426 923 2498 estcum
945 2427 1119 2500 hiemalia
1143 2426 1244 2501 habit

175 2520 335 2597 taculum
356 2524 424 2598 elle
440 2526 549 2615 Deo,
577 2540 637 2612 aut
653 2527 729 2599 haec
745 2526 834 2598 maia
849 2526 932 2603 inde
951 2527 1238 2617 procedere‚-ubi

176 2616 316 2697 habitat
344 2625 457 2700 Deus.
508 2628 648 2699 Veruro
674 2627 754 2715 quia
778 2625 813 2697 in
842 2624 895 2697 his
921 2627 1036 2698 tribur
1056 2622 1238 2697 universas

176 2718 371 2813 impietatis
388 2725 521 2818 species
539 2722 757 2798 enumerasse
774 2725 917 2796 videtur
930 2722 1151 2816 Apostolus,
1178 2726 1242 2799 vel

180 2838 331 2913 eorum,
359 2827 416 2915 qui
436 2828 533 2898 idola
552 2826 701 2912 colunt,
730 2826 959 2916 veientum,
987 2825 1045 2916 qui
1066 2838 1240 2899 creatura

178 2918 386 2993 deserviunt
401 2926 523 3015 potius
539 2943 642 3012 quarn
662 2922 850 3014 Creatori,
876 2920 935 2994 sed
953 2922 985 2994 dr
1003 2945 1151 3014 eorum,
1179 2924 1240 3014 qui

179 3038 256 3092 non
279 3026 528 3113 probaverunt
550 3022 666 3093 Deum
684 3022 815 3094 habere
832 3024 867 3095 in
886 3024 1080 3096 notitiama
1097 3026 1132 3095 in
1153 3043 1244 3113 quo·

179 3136 259 3193 turn
277 3116 393 3212 primo
410 3125 519 3193 titulo
535 3118 738 3213 prorniscue
753 3124 900 3216 pagani,
929 3124 963 3194 in
981 3122 1050 3195 alio
1068 3120 1242 3214 sapienter

181 3238 307 3296 eorum
330 3222 362 3292 dr
384 3220 585 3313 philosophi
605 3220 849 3315 desrgnantur:
876 3235 967 3313 puto
992 3223 1090 3314 quod
1109 3224 1147 3295 in
1169 3224 1244 3296 hoe

180 3324 294 3394 tertio
316 3322 520 3393 indicentur
547 3322 703 3393 haeretici
733 3323 792 3392 vel
818 3334 1023 3411 creatorem,
1041 3320 1158 3395 Deum
1181 3344 1244 3395 ne·

182 3424 328 3517 gunter,
349 3419 407 3491 vel
422 3420 575 3493 diversas
593 3421 827 3513 blasphemias
842 3418 876 3493 ih
890 3419 1077 3494 Excelsum
1092 3424 1244 3515 loquen·

180 3536 249 3598 tes.
288 3520 398 3615 igitur
416 3521 439 3594 sr
455 3520 575 3614 singuli
595 3521 727 3610 quique
747 3520 897 3609 horum,
925 3540 1016 3610 quos
1035 3519 1136 3615 supra
1155 3522 1245 3597 dixi·

181 3640 260 3697 mus
285 3622 321 3691 ln
345 3622 444 3691 cultu
464 3620 661 3691 divinitatis
686 3638 831 3711 errare,
858 3620 987 3692 talibus
1008 3624 1186 3695 malorum·
1202 3624 1246 3694 ri-

181 3722 266 3794 tulir
291 3719 540 3814 designantur,
559 3738 628 3789 nor
648 3720 708 3809 qui
730 3718 895 3791 videmur
918 3718 954 3793 in
977 3716 1135 3795 Ecclesra
1159 3716 1267 3814 elida

182 3820 342 3899 &fidem
368 3818 495 3891 restam
524 3831 670 3905 tenere,
698 3817 962 3893 consrderemue
991 3820 1246 3915 nosmetipsos,

182 3920 332 4001 &ortui
351 3914 670 4017 circumspeslioue
685 3914 896 4019 pensentur,
924 3939 969 3993 ne
984 3919 1083 4000 sorte
1103 3919 1182 3996 solo
1202 3924 1247 4003 ah

1138 4023 1196 4101 hie
