2825 4559
127 237 129 242 ’
241 269 325 390 ²415
415 229 1154 386 onrnnniscoerunrrrnn.

173 469 178 494 ¹
226 451 358 526 ,bolus
383 409 578 520 detinebat„
630 444 704 519 Illis
728 466 817 543 ergo
840 410 916 534 nnn
939 452 989 523 ita
1013 427 1336 550 intelligentibus,

80 627 83 634 .
114 621 117 636 .
217 547 219 551 Α
249 536 370 628 mensa
385 545 461 621 hnc
474 533 665 638 Scripturae
682 544 813 621 divinae
828 539 918 621 fassa
933 545 984 623 est
1000 556 1037 620 in
1053 554 1212 649 laqueum,
1229 555 1270 631 (5
1284 564 1320 626 in

217 731 219 738 ¹
249 655 436 744 captionem.
488 637 611 718 Potest
632 657 752 721 eutem
776 644 810 719 it
834 647 894 720 illa
920 652 1041 741 captio
1063 652 1192 725 mensae
1216 657 1318 747 lrujus

248 750 386 839 uideri,
412 764 481 838 qua
505 744 685 819 Dominus
712 751 918 840 suscepit,
945 768 1026 824 cum
1050 746 1137 824 dixit
1161 752 1206 826 ad
1233 775 1316 829 ρος,

79 865 97 946 ,ζ
247 852 340 943 Quid
352 845 440 917 uubis
458 850 591 917 uidetur
603 846 638 913 sle
655 841 807 939 Christos
836 851 932 944 Cujus
945 851 1034 936 filius
1049 843 1113 946 cli?
1138 855 1259 924 Atilii
1274 879 1315 927 re·

240 952 461 1047 sponderent:
485 944 608 1016 Dauid.
637 943 685 1016 El
707 948 890 1020 Dominus:
917 951 1074 1042 Quomodo
1089 975 1166 1045 argu,
1185 953 1313 1047 inquit,

247 1047 364 1124 David
382 1037 563 1120 Dominum
579 1067 648 1115 eum
666 1055 777 1130 vocar,
804 1048 931 1118 dicam
962 1054 1062 1121 Dixit
1077 1054 1239 1125 Dominus
1254 1060 1313 1125 Du·

163 1208 165 1212 .
243 1158 330 1224 mirra
345 1172 425 1218 meu:
452 1144 527 1220 Sero
547 1146 707 1216 adextris
726 1134 827 1217 mais?
879 1138 927 1218 Et
946 1173 1010 1218 nan
1027 1166 1204 1243 paruerunt
1220 1133 1255 1226 ci
1271 1181 1313 1225 ra·

86 1315 90 1324 ,
237 1251 389 1348 spondere.
403 1246 546 1322 verium.
594 1231 787 1338 litantem
805 1235 839 1318 δι
856 1248 894 1320 r'ru
911 1244 1148 1321 retributionem
1165 1254 1218 1325 eis
1239 1255 1311 1327 haec

147 1385 154 1400 ·
242 1341 382 1439 mensa,
410 1360 449 1418 ut
466 1343 629 1419 breviter
647 1341 779 1430 dicam,
805 1332 996 1446 secundum
1015 1352 1168 1425 verbum
1187 1347 1311 1427 Domi·

241 1452 304 1539 ni,
331 1466 406 1539 quo
421 1448 489 1519 ait:
518 1448 658 1532 istuis,
679 1448 755 1539 quia
772 1466 821 1538 ego
837 1450 968 1534 accusem
983 1464 1038 1538 uus
1056 1453 1140 1543 apud
1160 1446 1309 1523 Putrem?

243 1552 301 1646 Efl
327 1554 387 1645 qui,
407 1571 464 1616 uas
488 1531 607 1637 accuset
634 1544 782 1635 Moyses:
808 1543 842 1618 ἀ
864 1534 1056 1624 fecundum
1073 1543 1184 1642 illud,
1212 1552 1309 1644 quod

220 1646 443 1744 ¹Apostolus
472 1644 579 1718 dicit:
603 1644 780 1737 'Quotquot
802 1664 858 1739 ptr
883 1648 977 1740 legem
997 1669 1231 1741 peccauerunt,
1255 1672 1308 1747 par

238 1741 330 1844 segem
340 1746 582 1841 judicabuntur.
601 1733 667 1814 Fir
685 1737 856 1816 autum'&
875 1749 911 1814 r’rr'
921 1746 1103 1835 [cenidum
1117 1751 1168 1821 eis
1189 1742 1308 1834 mensu

237 1851 316 1924 haec
334 1839 544 1921 hoc'mudn.
572 1831 628 1913 Ex
646 1839 838 1934 Scripturis
857 1838 1053 1940 didicerant
1067 1841 1199 1942 Judaei,
1229 1853 1307 1944 quia

240 1942 385 2042 Cir‘iiius
409 1951 623 2044 lacturnum
649 1958 776 2013 maner:
811 1938 928 2036 Jesum
954 1963 1044 2019 vero
1073 1944 1245 2023 videntes
1271 1952 1306 2024 in

238 2069 370 2135 carne,
398 2044 431 2116 δι
453 2063 531 2117 nnn
552 2041 665 2116 sulum
694 2040 732 2112 in
761 2060 890 2133 carne,
918 2037 976 2120 sed
994 2045 1028 2117 δι
1047 2042 1084 2119 in
1103 2064 1249 2144 morte,
1275 2047 1307 2123 ir

117 2129 120 2220 ᾖ
235 2161 356 2225 morte
381 2146 518 2237 crucis,
543 2131 872 2218 scandalizabantur
897 2138 935 2216 in
957 2163 1063 2238 eum,
1089 2144 1306 2241 nescientes,

236 2248 319 2339 qtria
341 2245 391 2341 srfi
400 2240 505 2341 passus
521 2242 561 2338 efl
579 2266 617 2312 ax
635 2242 828 2331 infirmitate
847 2244 983 2333 carnis,
1002 2245 1056 2334 secl
1075 2243 1165 2318 uiuit
1181 2274 1223 2318 ex
1239 2256 1306 2320 vir·

234 2351 400 2421 aurelini.
453 2337 541 2416 Haec
559 2360 651 2435 ergo
675 2336 808 2435 srngula
835 2343 1012 2433 quianon
1033 2344 1305 2442 intelligibiliter

235 2453 475 2539 acceperunt,
502 2460 580 2534 quae
602 2438 761 2533 apposita
776 2437 857 2512 sunt
873 2439 923 2513 eis
943 2444 986 2514 ad
1003 2442 1159 2518 mensam
1175 2464 1305 2540 poten·

221 2547 304 2639 tis,
330 2543 551 2619 scandalizati
575 2533 674 2629 sunt,
702 2535 824 2631 &ipsa
842 2539 959 2634 mensa
974 2541 1242 2635 scripturarum
1258 2546 1305 2620 di·

83 2635 87 2644 ’
231 2652 398 2722 vlnerum
416 2641 506 2716 fau·
521 2631 572 2714 est
588 2640 638 2713 eis
655 2640 690 2711 in
707 2636 929 2733 scandalum,
956 2641 989 2714 ὄι
1015 2642 1194 2716 obscurari
1226 2646 1305 2720 sunt

119 2773 122 2778 ¹
234 2746 334 2820 ocull
356 2758 483 2818 eorum
502 2738 694 2820 secundum
709 2759 753 2811 ea
769 2758 847 2830 quae
861 2738 962 2835 supra
981 2734 1153 2834 dixistis,
1169 2746 1203 2816 δι
1222 2747 1305 2818 dor.

232 2835 307 2922 slrru
325 2861 450 2918 eorum
470 2839 661 2913 curvatum
681 2836 732 2910 est
749 2836 896 2931 semper.
934 2835 1066 2932 Neque
1085 2845 1178 2917 enim
1195 2845 1303 2921 debe·

231 2957 316 3019 rent
332 2943 424 3017 ultra
442 2941 570 3013 caelum
590 2937 761 3029 aspicere,
778 2939 889 3033 quiin
907 2956 1108 3016 creatorem
1124 2937 1204 3015 coell
1223 2965 1304 3036 pec·

233 3051 432 3134 caverunt,
458 3037 544 3111 &in
560 3029 759 3110 Dominum
776 3031 976 3129 majestatie.
1027 3039 1096 3113 Sed
1115 3042 1147 3113 δι
1165 3048 1304 3118 unicui·

232 3160 302 3239 que
320 3133 480 3218 nostrum
499 3136 696 3220 verendum
716 3135 788 3223 est,
814 3156 862 3210 ne
882 3137 979 3211 forte
997 3135 1073 3212 haec
1094 3138 1303 3219 diuinorum
1339 3207 1340 3217 ι

229 3245 430 3336 verborum
452 3230 595 3337 mensa,
628 3231 799 3328 adquam
824 3234 989 3312 videmur
1014 3234 1235 3335 consedilie,
1261 3255 1303 3316 ut

230 3346 350 3419 cibum
366 3340 469 3417 verbi
484 3339 556 3414 Dei
574 3354 642 3431 pro
660 3330 884 3430 poffibilitate
900 3326 1093 3428 sumamus,
1119 3338 1183 3414 fiat
1199 3343 1235 3415 in
1252 3344 1302 3415 la·

230 3442 448 3538 qucum,vel
467 3439 504 3511 in
522 3438 812 3521 retributionem,
824 3439 884 3508 vel
898 3440 933 3509 ln
949 3434 1165 3533 scandalum,
1179 3431 1204 3514 fi
1220 3454 1301 3516 non

230 3540 529 3640 intelligibiles,
562 3533 596 3609 ἃ
620 3550 660 3607 ut
677 3533 820 3630 dignum
839 3535 909 3623 est,
936 3542 1090 3611 mundos
1105 3560 1150 3612 ex
1171 3553 1236 3632 ea,
1263 3541 1299 3614 δι

79 3665 95 3710 ·.
228 3663 341 3736 perros
366 3656 408 3715 ac
432 3630 602 3733 spiritales
630 3637 733 3708 cibos
758 3629 935 3725 sapientie
958 3639 1158 3727 capiamus:
1186 3642 1295 3715 etiam

226 3735 316 3818 illud
332 3742 465 3836 pariter
480 3734 732 3821 observantes,
752 3754 798 3806 ne
816 3735 1003 3808 immundis
1023 3738 1054 3807 u
1071 3727 1218 3811 sordidis
1233 3761 1296 3814 ve·

224 3834 421 3931 silnanus,
447 3831 571 3926 idest,
592 3850 749 3931 corpore
768 3839 829 3905 aut
847 3839 958 3908 corde
976 3840 1122 3926 polluto
1139 3837 1179 3911 ad
1196 3855 1294 3912 rnen·

226 3939 296 4020 sam
313 3933 490 4039 sapientiae
509 3934 776 4044 cu'nlrdeamusr
801 3929 860 4010 sed
877 3925 1031 4029 speciem
1048 3937 1158 4011 futuri
1172 3939 1212 4111 in¹
1226 3957 1295 4013 cu·
