2825 4559
239 263 314 415 44}
406 318 691 400 onretnrs
731 310 1129 410 conneurnn.

239 485 301 562 riis
318 484 447 562 nostris
465 485 663 580 indulgeat,
685 507 788 576 quam
804 489 1017 566 utilitatibus
1036 490 1209 567 consulat:
1238 492 1309 569 Sed

236 589 309 684 jam
328 587 373 663 ad
392 586 574 679 sequentia
590 602 858 664 convertamur.
1090 586 1093 592 '

313 708 350 762 2.
377 693 456 760 Dira
481 693 564 758 eninr
585 705 641 780 per
661 697 818 782 gratiam,
844 712 911 786 qua
927 689 1007 759 data'
1021 691 1061 788 ιβ
1077 692 1179 780 milri,
1204 696 1307 763 omni·

238 789 368 887 ius'qui
379 790 461 879 sent
478 793 564 858 inter
581 810 636 868 vos
647 811 660 856 .·
672 782 749 860 ‘non
766 789 835 882 plus
851 788 955 883 [apere
972 816 1064 883 quarn
1083 809 1203 885 oportet
1217 796 1305 887 sape·

239 913 292 979 rs,
316 891 366 976 ssd
378 889 484 986 sapere
498 889 538 958 ed
547 885 770 975 >subsisterent
798 894 970 984 uniruique
984 890 1066 984 ficut
1082 893 1192 986 dinifii
1215 897 1303 963 urus

110 1035 116 1044 .
235 990 413 1080 mserum
434 992 519 1080 fidei.
574 985 668 1062 Sicut
684 993 818 1060 enimin
836 1014 899 1060 uno
916 1012 1037 1082 corpore
1051 994 1150 1064 musta
1164 994 1305 1065 membra

191 1106 197 1114 '
235 1093 398 1178 habemus,
423 1090 559 1161 membra
570 1103 676 1178 aretem
692 1094 799 1159 amnia
814 1114 880 1161 non
893 1094 1026 1160 eumdem
1040 1091 1143 1162 osium
1160 1094 1298 1182 hqbrnt.

235 1199 285 1267 ira
301 1192 397 1262 meisi
414 1213 513 1260 unum
528 1197 637 1284 corpus
648 1189 758 1276 sumus
778 1194 815 1259 in
834 1190 977 1286 Chrr'fl03
993 1193 1112 1287 fingaris·
1128 1211 1233 1264 aurem
1254 1196 1303 1265 as·

235 1289 595 1368 nratnmsmmtra.
642 1287 833 1365 Sciendum
852 1293 970 1382 primo
991 1291 1063 1386 est,
1090 1294 1211 1385 quod,
1239 1293 1302 1367 ubi

233 1413 305 1470 nos
329 1392 519 1468 habemuat
547 1389 700 1460 Omnibus
722 1394 779 1485 qui
793 1395 876 1480 lunt
898 1395 985 1462 inter
1007 1415 1083 1462 vers
1108 1393 1144 1465 in
1169 1391 1303 1466 Graeco

232 1493 404 1572 habetur:
433 1494 529 1561 omni
546 1494 601 1584 qui
614 1488 654 1589 ιβ
671 1496 709 1558 in
725 1498 826 1566 ortis.
878 1493 950 1590 Qui
971 1489 1086 1564 sermo
1109 1494 1233 1582 utique
1252 1491 1298 1564 ad

231 1612 300 1668 eos
315 1590 450 1665 indicat
467 1589 616 1662 verbum
635 1586 735 1684 fieri,
763 1590 839 1682 qui,
857 1609 937 1676 cum
955 1605 1039 1661 ante
1057 1613 1132 1666 non
1147 1590 1296 1680 fuerint,

229 1711 331 1768 nune
351 1688 422 1764 esse
438 1703 634 1782 coeperunt.
660 1688 763 1762 Deus
785 1698 904 1783 enim,
929 1691 1078 1765 tetidem
1096 1688 1296 1782 Apostolus

171 1809 176 1818 ’
231 1793 304 1886 ait,
330 1808 507 1888 masque
522 1813 590 1860 nan
601 1789 705 1882 sunt,
731 1806 883 1887 tanquam
902 1815 969 1885 qua
982 1791 1071 1875 sunt.
1110 1789 1299 1864 Nonsunt

230 1889 425 1982 autemid,
449 1889 510 1982 qui
534 1892 728 1980 participes
753 1910 830 1964 non
856 1889 935 1962 sunt
958 1891 1032 1984 ejus
1051 1890 1110 1981 qui
1129 1909 1215 1963 vere
1232 1888 1298 1981 est,

229 1991 289 2084 qui
315 1988 407 2063 dixit
431 1988 474 2060 ad
500 1985 678 2079 Moysen:
715 1993 778 2062 Die
797 1992 879 2079 filiis
903 1991 1017 2076 Israel:
1044 1990 1188 2087 Quieti,
1214 1990 1299 2084 miſsi

227 2113 277 2162 mr
299 2090 340 2159 ad
358 2113 427 2164 vos.
478 2087 591 2186 Quod
611 2108 701 2182 ergo
718 2090 766 2163 ait
781 2089 928 2163 Paulus:
959 2094 1039 2161 Dico
1054 2096 1137 2160 mim
1153 2091 1298 2162 omnibus

228 2195 291 2288 qui
301 2190 382 2279 sunt
398 2193 487 2260 inser
503 2211 560 2256 ors
570 2208 584 2272 ,·
611 2192 692 2281 vel,
719 2204 760 2260 ut
780 2191 817 2263 in
834 2189 970 2263 Graeeis
986 2189 1109 2264 haberi
1129 2189 1298 2271 diximus,

231 2295 332 2364 Omni
355 2294 411 2383 qui
433 2289 473 2381 esi
501 2293 538 2357 in
557 2288 662 2372 vobis,
695 2289 804 2366 smila
828 2288 880 2364 est
903 2310 944 2362 ac
972 2291 997 2364 fi
1021 2288 1175 2364 diceret:
1213 2297 1297 2362 Dico

226 2399 313 2463 enim
336 2391 434 2466 omni
455 2387 514 2480 qui
527 2388 564 2461 in
582 2388 667 2461 Deo
684 2388 754 2479 est,
780 2413 844 2460 nnn
859 2394 929 2482 pius
941 2389 1046 2485 sapere
1068 2414 1160 2486 quam
1176 2406 1296 2489 oportet

222 2491 338 2586 [apere
366 2489 625 2562 Verumtamen
644 2489 838 2563 videndum
858 2486 930 2583 est,
946 2491 1027 2579 quia
1042 2487 1171 2564 Paulus
1189 2490 1295 2568 (sicut

134 2680 137 2684 ¹
224 2591 320 2668 &in
346 2588 422 2664 aliis
451 2586 559 2682 dicit)
587 2608 663 2662 non
689 2593 726 2662 in
752 2585 911 2664 suasoriis
936 2587 1114 2680 sapientie·
1133 2593 1294 2665 earnalis

223 2692 373 2779 verbis,
400 2684 457 2760 sed
469 2708 538 2781 per
556 2689 727 2796 gratiam²
753 2688 908 2780 quesibi
929 2689 1010 2762 data
1025 2687 1096 2782 est,
1115 2690 1291 2782 loquitur.

198 2801 201 2806 “
222 2787 287 2868 Est
311 2791 403 2860 enim
429 2790 539 2861 muita
558 2785 759 2862 differentia
782 2791 1008 2884 pergratiam
1025 2791 1229 2883 loquentis,
1257 2790 1291 2864 dr

222 2909 289 2985 per
307 2888 494 2960 humanam
512 2884 727 2974 sapientiam.
781 2887 949 2977 Denique
966 2887 998 2961 dr
1014 2888 1120 2962 rebus
1137 2889 1217 2983 ipsis
1235 2889 1291 2964 se·

221 3008 269 3082 pe
291 2999 517 3080 compertum
533 2983 603 3076 est,
629 2989 825 3061 nonnullos
842 2991 1055 3080 eloquentes
1072 2986 1289 3076 &eruditos

221 3088 325 3162 viros
343 3105 420 3159 non
439 3083 552 3159 solum
577 3083 612 3159 ir'r
636 3086 823 3180 sermone,
851 3085 910 3161 sed
927 3087 960 3159 dr
976 3089 1012 3160 in
1028 3085 1183 3174 senibus
1201 3112 1292 3184 pre·

220 3198 418 3286 potenter,
444 3205 525 3262 cum
542 3188 652 3260 muita
672 3189 707 3261 in
723 3186 890 3262 Ecciefiis
905 3187 1084 3278 dixerint,
1110 3186 1144 3260 dr
1164 3192 1291 3288 ingen·

219 3303 296 3368 tem
319 3284 475 3379 plausum
502 3286 615 3361 laudis
639 3288 865 3382 acceperint,
892 3289 1072 3364 neminem
1090 3301 1211 3366 tamen
1228 3311 1289 3364 au·

219 3389 379 3464 dirorum
399 3407 445 3460 ex
462 3387 531 3474 his,
555 3407 632 3478 quae
650 3389 741 3460 diita
758 3387 849 3470 sunt,
870 3385 1185 3479 compunnionem
1206 3410 1287 3464 cor-

218 3487 273 3566 dis
289 3487 473 3579 accipere,
499 3508 569 3560 nee
594 3485 775 3578 proficere
800 3488 842 3559 ad
864 3483 994 3576 fidem,
1019 3507 1088 3560 nec
1111 3488 1155 3561 ad
1177 3490 1284 3564 timo·

217 3610 293 3690 repa
312 3588 380 3661 Dei
400 3608 445 3658 ex
461 3587 720 3660 recordatione
736 3607 862 3659 eorum
887 3607 963 3678 quae
988 3587 1077 3659 ditia
1101 3586 1181 3663 sunt
1194 3590 1284 3666 inci·

217 3689 303 3764 tari:
331 3686 389 3761 sed
413 3685 587 3760 suavitate
609 3687 758 3779 quadam
786 3683 1077 3761 &deleiiatione
1094 3685 1168 3760 sola
1189 3692 1283 3762 auri·

217 3789 286 3864 bus
304 3801 407 3884 capta
425 3787 633 3860 discediturz
660 3784 750 3879 saepe
774 3803 895 3860 autem
920 3790 1120 3860 virosnon
1144 3809 1283 3884 magne

217 3888 447 3978 eloquentie,
459 3908 528 3960 nec
546 3885 797 3978 compositioni
812 3886 981 3962 sermonis
998 3884 1191 3973 studentes,
1202 3883 1284 3962 ver·

204 3989 263 4070 dis
278 3986 568 4120 dispicitur-dt
590 3986 837 4086 inrumpentis
864 3989 999 4068 multos
1012 3983 1283 4164 infidegggrmad
