2825 4559
231 281 279 354 ⁶2
396 199 1161 402 tru1c'urtls'4comtrurtunnf
1332 225 1338 306 ³

196 497 201 504 ι
236 442 311 531 dit,
337 454 512 534 operetur
535 455 655 513 tamen
680 440 778 530 quud
803 442 941 516 bonum
966 439 1038 534 est,
1061 441 1229 535 iustitiam
1248 453 1320 519 te..

236 555 345 633 neat,
370 539 647 612 misericordiam
668 540 813 636 diligat,
833 539 1037 614 ¹callitatenr
1056 547 1088 614 dr
1109 545 1302 619 continen-

236 646 323 714 tiam
347 637 489 732 lervet,
515 637 724 714 modestiam
742 641 999 731 lenitatemque
1019 640 1221 734 custodiat,
1249 657 1301 716 at·

96 749 100 758 ’
232 763 309 832 que
328 760 438 814 omne
457 759 549 829 opus
566 742 702 828 bunum
719 758 909 832 operetur,
937 743 1017 831 hic,
1034 741 1167 815 etiamst
1186 741 1299 832 vitam

236 863 312 917 non
342 841 450 913 habet
475 857 667 933 eternam,
695 841 777 927 quie
805 841 956 912 credens
985 841 1047 912 soli
1068 862 1169 913 ¹vero
1199 841 1299 936 Deo,

237 962 316 1016 non
341 937 546 1012 credidit&
573 937 666 1009 Filio
689 938 765 1030 ejus
787 937 873 1034 ¹Je'su
897 938 1039 1012 Christo
1066 931 1170 1030 duem
1195 941 1300 1034 milit,

109 1105 120 1134 χ
237 1059 359 1114 tamen
376 1039 491 1135 gloria
514 1057 666 1128 operum
690 1037 792 1127 eius,
819 1039 993 1130 &paxu
1019 1041 1140 1112 honor
1161 1044 1299 1131 poterit

236 1162 315 1215 non
328 1142 467 1231 perire..
509 1134 577 1208 Sed
595 1138 628 1210 dr
645 1135 816 1226 Graecus,
835 1138 962 1229 idest,
983 1137 1159 1229 Gentilis,
1176 1139 1199 1212 fi
1217 1161 1297 1215 cum

236 1240 351 1336 legem
369 1258 445 1310 non
464 1236 619 1329 habeat,
645 1234 719 1327 ipse
740 1238 798 1309 ibi
816 1236 867 1310 est
888 1239 966 1328 lex,
993 1236 1186 1311 ostendens
1205 1260 1298 1332 opus

236 1345 325 1435 legis
339 1340 375 1411 in
394 1337 506 1408 corde
520 1335 604 1425 suo,
630 1335 833 1408 &naturali
852 1338 994 1409 ratione
1006 1339 1191 1429 immotus,
1209 1339 1298 1412 sicut

238 1445 402 1512 videmus
418 1437 617 1509 nonnullos
635 1437 671 1508 in
686 1431 879 1530 Gentibus,
900 1439 959 1508 vel
976 1437 1142 1527 justitiam
1159 1451 1296 1531 teneat,

238 1541 299 1611 vel
325 1535 521 1609 castitatem
547 1535 694 1626 servet,
727 1537 789 1607 vel
813 1538 1064 1628 prudentiam,
1097 1554 1300 1630 temperan-

236 1641 323 1712 tiam
341 1632 620 1726 modestiamque
632 1632 829 1708 custodiat:
855 1635 918 1707 iste
935 1637 1020 1706 licet
1035 1636 1169 1709 alienua
1186 1658 1205 1708 a
1222 1640 1298 1710 vita

196 1745 201 1752 “
222 1740 402 1811 ¹videntur
416 1748 567 1823 aeterna,
594 1734 768 1824 quianon
791 1736 905 1807 credit
925 1731 1100 1822 Christo,
1117 1736 1149 1806 dr
1164 1739 1298 1810 intrare
1336 1779 1338 1788 ›

123 1917 126 1922 ,
238 1859 315 1912 non
334 1832 489 1928 pontin
507 1853 655 1930 regnum
672 1833 867 1923 coelorum,
894 1836 975 1923 quia
992 1849 1135 1907 renatus
1151 1855 1231 1908 non
1247 1834 1298 1909 est

89 2003 92 2010 .
238 1961 283 2010 ex
310 1954 400 2025 aqua
425 1932 458 2004 ἃ
482 1931 636 2027 Spiritu,
662 1934 806 2006 videtur
835 1949 955 2010 tamen
983 1937 1081 2023 quod
1110 1955 1174 2026 per
1203 1937 1297 2024 haec,

164 2125 167 2130 1
240 2056 318 2126 quae
341 2035 509 2106 dicuntur
535 2037 578 2106 ab
605 2032 813 2126 Apostolo‚
840 2035 1023 2106 bonorum
1049 2054 1200 2127 operum
1224 2037 1299 2130 glo·

214 2140 347 2226 friam,
371 2132 405 2205 dr
427 2131 632 2221 honorem,
659 2131 692 2203 dr
720 2151 843 2225 pacem
871 2131 1022 2224 perdere
1049 2135 1191 2225 penitus
1221 2155 1299 2208 non
1331 2133 1333 2140 '

237 2233 352 2328 poffit.
403 2229 558 2304 sienim
583 2229 774 2304 secundum
800 2253 867 2321 ea,
894 2251 971 2321 quae
994 2233 1030 2304 in
1058 2230 1298 2326 superioribus

237 2332 480 2424 differuimus,
506 2329 652 2403 videtur
676 2328 876 2423 Apostolus
906 2331 1148 2405 condemnare
1173 2331 1299 2406 Genti·

236 2437 312 2511 ies,
337 2449 474 2521 exeo,
502 2429 599 2522 quud
622 2429 776 2504 naturali
799 2431 1036 2525 intelligentia
1056 2452 1137 2503 cum
1161 2449 1300 2526 cogno·

132 2601 135 2606 .
223 2531 368 2606 -viffent
380 2529 614 2622 Deum,non
627 2529 846 2604 ficutDeum
860 2524 1196 2624 magnificaverunt,
1210 2553 1300 2622 quo·

237 2633 351 2710 modo
364 2649 443 2704 non
459 2644 646 2722 putamus,
668 2630 767 2721 quod
785 2631 893 2702 etiam
912 2630 1119 2703 collaudare
1139 2649 1203 2702 eos
1221 2630 1320 2724 pol·¹

156 2803 159 2808 .
235 2735 299 2823 sit,
317 2732 350 2802 dr
366 2731 516 2819 debeat,
535 2730 561 2804 st
579 2731 640 2820 qui
658 2729 764 2803 inhia
784 2723 1047 2825 cognoscentes
1062 2730 1195 2816 Deum,
1212 2730 1300 2804 sicut

236 2833 357 2908 Deum
379 2827 639 2925 magnificent?
690 2826 859 2900 Dubitari
877 2827 984 2921 igitur
1000 2848 1074 2900 non
1091 2843 1182 2918 puto
1200 2832 1297 2920 quod

237 2935 289 3024 is,
316 2931 376 3022 qui
391 2948 461 3021 pro
479 2929 575 3004 malo
596 2945 710 3019 opere
731 2927 963 2999 condemnari
979 2925 1177 3014 meruillet,
1193 2931 1298 3004 -idem

235 3033 263 3108 sr
288 3043 461 3123 operatus
485 3027 574 3100 ellet
596 3044 688 3121 opus
713 3025 869 3115 bonum,
895 3029 1189 3100 remuneratione
1209 3028 1299 3103 boni

236 3132 360 3225 operis
377 3130 503 3224 diguus
517 3126 721 3200 haberetur.
753 3123 866 3198 Vides
885 3126 978 3198 enim
998 3128 1177 3201 dicentem
1197 3124 1297 3219 llpo·

143 3303 148 3308 .
234 3231 381 3322 stolum,
399 3229 483 3319 quia
498 3249 601 3298 omnes
615 3250 671 3296 uer
680 3226 765 3322 flare
780 3241 898 3322 opertet
912 3242 989 3297 ante
1002 3227 1151 3296 tribunal
1165 3228 1297 3320 curtili,
1321 3221 1325 3228 ’

235 3349 276 3404 rrt
291 3345 429 3426 reportet
443 3332 656 3424 unusquisque
671 3332 800 3422 propria
817 3332 968 3423 corporis,
990 3344 1085 3422 prout
1095 3324 1209 3420 gessit,
1232 3329 1297 3419 five

124 3467 127 3474 ·
234 3431 367 3516 ionum,
388 3429 456 3523 five
469 3428 598 3502 malem.
647 3425 736 3500 Inde
751 3426 904 3516 denique
917 3425 988 3518 est,
1006 3428 1104 3518 quod
1122 3425 1205 3498 &in
1222 3427 1296 3501 huc¹

232 3530 433 3626 subjungit:
459 3531 541 3600 Nan
556 3531 643 3596 eninr
657 3526 858 3620 personarum
873 3523 1005 3619 receptio
1025 3529 1063 3615 etl
1079 3529 1160 3620 apud
1183 3529 1293 3598 Deum.

104 3631 111 3638 “
237 3628 376 3730 Quodsi
402 3627 518 3704 adhue·
541 3627 609 3700 tibi
629 3626 780 3700 'dubium
807 3626 974 3713 videtur,
1002 3625 1082 3698 audi
1100 3626 1143 3698 -dr
1167 3622 1295 3700 Petrus

237 3732 321 3822 quid
347 3731 384 3801 in
405 3725 554 3799 Aedibus
583 3723 846 3819 Apostolorum
879 3727 1119 3816 pronunciet,
1145 3743 1226 3800 curn
1252 3727 1296 3798 ad

234 3828 406 3924 gentilem
421 3823 631 3904 Cornelium
645 3822 763 3900 fuiilet
782 3822 963 3918 ingrelius.
1004 3825 1218 3918 compertum,
1243 3827 1296 3898 in·

237 3932 338 4026 quit,
363 3927 473 4022 helea,
489 3928 570 4024 quud
587 3923 900 4024 Daurpersonarurr
917 3942 1054 4024 ruptor
1072 3947 1138 3999 mn
1155 3925 1295 4094 '‘mnf“

861 4053 865 4062 ·
1022 4071 1028 4079 -
1206 4049 1217 4094 r
