2825 4559
172 332 251 421 ida·
322 317 620 427 'ditiori-tlt
658 327 1071 460 contutum.

130 547 132 552 ,
173 489 407 585 c'erneb'atut,
422 501 467 578 ⁵&
489 504 589 579 Deus
608 508 832 584 credebatur.
858 505 919 581 Sic
944 526 1030 603 ergo
1050 507 1188 601 accepit
1209 506 1268 582 δι’

172 606 355 678 Abraham
378 606 537 700 signum:
569 606 603 678 ἃ
628 608 727 698 quod
751 601 844 679 esset
862 607 1018 703 signum,
1051 611 1089 681 iii
1119 605 1243 689 conse·

172 707 493 796 quentiliurdicit:
521 708 801 801 circummuniam,
828 709 963 799 inquit:
991 727 1068 797 quae
1088 709 1244 783 'circum-

174 804 260 877 cisio
279 804 366 884 effet
380 806 570 901 fignacirluni
582 807 716 906 justitio
734 809 825 895 fidei,
849 806 955 897 duam
972 807 1118 896 habuit,
1146 824 1245 879 ante·

175 924 280 995 quam
312 907 640 988 circumcideretur,
667 899 669 908 '
699 907 800 982 Bene
826 926 913 1002 ergo
940 906 1246 984 circumcisionem

151 1007 154 1016 “
173 1004 308 1097 szgnum
334 1006 530 1098 appellavit
552 1011 590 1081 iii
612 1007 817 1098 Abraham,
844 1008 924 1097 quia
942 1006 975 1078 ἃ
993 1005 1066 1098 ipsa
1083 1007 1177 1082 aliud
1193 1007 1248 1076 vi.-

176 1103 346 1197 debatur‚
374 1108 408 1178 dt
426 1108 519 1186 aliud
536 1108 821 1203 intelligebatur:
849 1107 882 1183 di
900 1104 1069 1195 ostendit,
1080 1106 1244 1197 quiajam

174 1215 264 1276 tunc
282 1195 431 1279 carnalis
451 1209 512 1279 illa
526 1208 748 1304 circumcisio
762 1205 894 1300 fignum
909 1200 986 1276 erat
1001 1204 1163 1300 spiritalis
1177 1206 1245 1275 cir-

176 1304 424 1397 cumcisionis‚
447 1327 524 1397 quae
544 1328 621 1388 riori
638 1308 675 1386 iii
693 1326 800 1383 earne
817 1304 1018 1396 suscipitur,
1038 1304 1146 1384 sedin
1164 1324 1246 1378 cor.

172 1405 232 1478 de.
286 1406 398 1508 Quod
426 1425 520 1480 vero
548 1407 639 1479 dixit
658 1407 867 1499 ignatium,
892 1405 941 1479 ita
971 1404 1245 1498 intelligendum

174 1516 280 1596 puto.
332 1504 557 1602 signaculum
584 1507 749 1598 dicitur,'
763 1527 843 1585 cum
865 1504 968 1581 alicui
987 1504 1038 1576 rei
1060 1502 1242 1585 servandae

153 1601 155 1606 '
174 1622 245 1693 pro
261 1618 433 1697 tempore
450 1604 610 1686 custodia
629 1607 849 1699 imponitur,
876 1604 974 1694 quod
1004 1623 1113 1676 nemo
1139 1605 1243 1692 alius,

174 1701 239 1774 nisi
260 1701 354 1794 ipse,
382 1706 442 1795 qui
461 1706 650 1806 impressit,
678 1708 809 1784 debeat
828 1703 1014 1799 resignare.
1065 1701 1133 1781 Per
1151 1702 1244 1778 illud

175 1820 265 1896 ergo
279 1801 517 1896 signaculum,
536 1821 577 1886 ut
592 1809 745 1898 exponit
762 1802 983 1898 Apostolus,
999 1800 1130 1899 justitia
1145 1802 1243 1899 fidei,

176 1919 280 1991 quam
301 1904 339 1978 iii
362 1908 540 1999 praeputio
562 1905 697 2000 positus
719 1904 897 1982 Abraham
918 1901 1083 1995 accipere
1100 1904 1244 1987 meruit,

173 2001 408 2084 indicatum&
425 2020 527 2098 patei
545 2003 614 2085 elie
630 2008 819 2084 multatum
835 2006 1012 2097 gentium:
1040 2003 1138 2091 quod
1154 2017 1244 2081 tunc

175 2102 353 2179 credimus
373 2103 639 2198 resignandum,
668 2119 749 2178 cum
778 2102 968 2198 plenitudo
992 2101 1163 2176 Gentium
1191 2103 1240 2178 iti·

174 2203 341 2286 troierit,
368 2203 401 2273 ἃ
421 2205 537 2282 omnis
555 2202 655 2278 lsrael
671 2201 874 2280 salvabitur.
926 2198 1035 2279 Tunc
1050 2203 1144 2279 enini
1162 2199 1241 2290 liet,

176 2305 273 2390 quod
289 2303 376 2373 dicit
392 2300 613 2394 Apostolus,
639 2323 715 2376 iion
733 2301 845 2382 solum
863 2299 1240 2392 Gentiumsedetiarn

175 2399 454 2476 circumcisionis
474 2421 539 2496 per
556 2400 664 2484 fidem
686 2397 788 2500 pate'r
807 2400 997 2479 Abraham.
1051 2397 1098 2474 Et
1125 2400 1242 2480 adhuc

174 2501 332 2592 apertius
347 2503 392 2583 de
407 2502 507 2600 signo
525 2502 559 2575 dt
574 2502 754 2598 signaculo
771 2499 984 2579 differamus.
999 2500 1092 2596 „Cum
1107 2498 1241 2595 sigrium

172 2589 239 2689 fit,
266 2615 306 2671 ut
324 2595 496 2686 diximus,
522 2603 583 2683 ubi
596 2605 773 2682 indicatur
792 2602 923 2692 aliquid
940 2621 1003 2691 per
1021 2602 1115 2689 hoc,
1142 2598 1242 2688 quod

172 2698 342 2787 videtum
369 2702 584 2795 signaculum
603 2723 715 2794 vero,
738 2702 799 2776 ubi
820 2702 1049 2773 concluditur
1067 2718 1133 2791 pro
1152 2712 1241 2777 tem.

149 2815 266 2894 ,pore
284 2799 414 2895 aliquid
437 2801 565 2879 &uon
583 2816 704 2896 patet,
733 2801 851 2896 potest
876 2801 980 2873 etiam
1004 2802 1052 2874 ita
1076 2799 1239 2903 intelligi,

173 2898 273 2985 quod
289 2900 475 2993 mysteria,
503 2914 580 2993 quae
604 2904 640 2976 in
666 2904 745 2993 lege
771 2900 804 2970 &
828 2898 1040 2974 Patriaicliis
1057 2898 1240 2974 adumbra-

171 2994 323 3088 bantur4
351 3000 554 3096 hujusmodi
576 3014 702 3089 erant,
722 3019 797 3089 qiiae
816 2999 967 3095 &signis
989 2999 1176 3076 indicanda
1191 2996 1240 3086 es

170 3091 273 3190 ient,
300 3096 533 3195 &signaculis
555 3099 789 3172 observanda.
835 3099 948 3195 Quod
962 3119 1050 3195 orgo
1068 3097 1171 3193 signis
1188 3099 1240 3182 in,

170 3195 323 3281 dicanda
349 3212 471 3291 erant,
504 3200 636 3288 indis,
664 3200 724 3289 qui
751 3198 947 3280 credebant
972 3220 1018 3271 ex
1044 3197 1239 3293 Gentibus,

169 3293 307 3393 ssgnum
327 3298 454 3391 cepisse
473 3300 603 3379 dicitur
617 3297 819 3377 dbraliam:
845 3298 944 3387 quod
962 3318 1054 3374 vero
1075 3298 1150 3389 his,
1177 3301 1237 3388 qui

167 3395 208 3476 iu
238 3399 514 3478 ¹circumcisione
546 3419 623 3483 non
654 3415 756 3476 etant
789 3398 977 3489 credituri,
1012 3395 1238 3478 observanda

130 3565 132 3572 ,
168 3510 274 3569 erant
309 3498 602 3596 &obtegenda3
637 3498 852 3593 signaculum
889 3498 1019 3577 dicitur
1052 3496 1235 3593 accepisse.

169 3587 284 3689 Quod
299 3596 511 3696 signaculum
531 3600 596 3678 illo
612 3599 736 3690 utique
752 3598 789 3678 iu
806 3611 973 3695 tempore
990 3596 1237 3693 resignabitur,

167 3713 251 3773 cum
278 3697 534 3779 in'nouilsimis
562 3699 707 3785 diebus,
744 3694 929 3791 postquam
956 3697 1146 3791 plenitudo
1172 3698 1237 3790 (ut

169 3792 339 3894 diximus)
357 3796 754 3886 Gentium'intioieiit‚
771 3799 889 3873 omnis
907 3798 1011 3877 lsrael
1026 3795 1143 3876 salvus
1158 3795 1234 3880 fiet.

167 3892 311 3977 idcirco
338 3900 492 3987 denique
523 3899 812 3970 ante·Abraliam
843 3896 1054 3991 justificatur
1084 3897 1121 3975 iu
1148 3895 1236 3990 fide,

157 3995 248 4080 dum
264 3996 383 4082 adduc
401 3995 490 4084 esset
507 3994 794 4102 incircumcisus²
821 3997 995 4101 &postea
1014 3999 1237 4078 eircumcidi.

1109 4114 1188 4204 tur„
