<?xml version="1.0" encoding="UTF-8"?>
<!DOCTYPE html PUBLIC "-//W3C//DTD XHTML 1.0 Transitional//EN"
    "http://www.w3.org/TR/xhtml1/DTD/xhtml1-transitional.dtd">
<html xmlns="http://www.w3.org/1999/xhtml" xml:lang="en" lang="en">
 <head>
  <title>
</title>
<meta http-equiv="Content-Type" content="text/html;charset=utf-8" />
  <meta name='ocr-system' content='tesseract 3.04.00' />
  <meta name='ocr-capabilities' content='ocr_page ocr_carea ocr_par ocr_line ocrx_word'/>
</head>
<body>
  <div class='ocr_page' id='page_1' title='image "./operaomniasanct12unkngoog_0502.png"; bbox 0 0 2825 4559; ppageno 0'>
   <div class='ocr_carea' id='block_1_1' title="bbox 88 273 1239 408">
    <p class='ocr_par' dir='ltr' id='par_1_1' title="bbox 88 273 1239 408">
     <span class='ocr_line' id='line_1_1' title="bbox 88 273 1239 408; baseline -0.011 -14"><span class='ocrx_word' id='word_1_1' title='bbox 88 305 91 312; x_wconf 84' lang='grc'><strong><em>·</em></strong></span> <span class='ocrx_word' id='word_1_2' title='bbox 204 273 283 404; x_wconf 71' lang='lat' dir='ltr'><strong>mo</strong></span> <span class='ocrx_word' id='word_1_3' title='bbox 354 299 1162 400; x_wconf 54' lang='lat' dir='ltr'><strong>,onlneruscomrruu&#39;rnns</strong></span> <span class='ocrx_word' id='word_1_4' title='bbox 1237 401 1239 408; x_wconf 38' lang='grc'>,</span> 
     </span>
    </p>
   </div>
   <div class='ocr_carea' id='block_1_2' title="bbox 207 466 1294 766">
    <p class='ocr_par' dir='ltr' id='par_1_2' title="bbox 207 466 1294 766">
     <span class='ocr_line' id='line_1_2' title="bbox 210 466 1289 565; baseline -0.006 -20"><span class='ocrx_word' id='word_1_5' title='bbox 210 469 489 545; x_wconf 77' lang='lat' dir='ltr'><strong>examinationis</strong></span> <span class='ocrx_word' id='word_1_6' title='bbox 511 467 666 564; x_wconf 75' lang='lat' dir='ltr'><strong>indago,</strong></span> <span class='ocrx_word' id='word_1_7' title='bbox 691 491 759 541; x_wconf 80' lang='lat' dir='ltr'><strong>non</strong></span> <span class='ocrx_word' id='word_1_8' title='bbox 781 492 869 561; x_wconf 76' lang='lat' dir='ltr'><strong>ergo,</strong></span> <span class='ocrx_word' id='word_1_9' title='bbox 892 469 961 560; x_wconf 87' lang='lat' dir='ltr'><strong>ait,</strong></span> <span class='ocrx_word' id='word_1_10' title='bbox 986 468 1124 565; x_wconf 66' lang='lat' dir='ltr'><strong>amplus</strong></span> <span class='ocrx_word' id='word_1_11' title='bbox 1147 466 1289 538; x_wconf 73' lang='lat' dir='ltr'><strong>invicem</strong></span> 
     </span>
     <span class='ocr_line' id='line_1_3' title="bbox 208 566 1294 670; baseline -0.003 -31"><span class='ocrx_word' id='word_1_12' title='bbox 208 573 395 670; x_wconf 84' lang='lat' dir='ltr'><strong>judicemus.</strong></span> <span class='ocrx_word' id='word_1_13' title='bbox 450 570 513 640; x_wconf 85' lang='lat' dir='ltr'><strong>Sed</strong></span> <span class='ocrx_word' id='word_1_14' title='bbox 528 569 585 640; x_wconf 80' lang='lat' dir='ltr'><strong>luc</strong></span> <span class='ocrx_word' id='word_1_15' title='bbox 596 571 743 665; x_wconf 70' lang='lat' dir='ltr'><strong>judicate</strong></span> <span class='ocrx_word' id='word_1_16' title='bbox 758 573 874 661; x_wconf 77' lang='lat' dir='ltr'><strong>mgis,</strong></span> <span class='ocrx_word' id='word_1_17' title='bbox 899 592 940 639; x_wconf 84' lang='lat' dir='ltr'><strong>nt</strong></span> <span class='ocrx_word' id='word_1_18' title='bbox 950 573 1081 665; x_wconf 76' lang='lat' dir='ltr'><strong>putretis</strong></span> <span class='ocrx_word' id='word_1_19' title='bbox 1096 566 1294 661; x_wconf 75' lang='lat' dir='ltr'><strong>offmfiontrr</strong></span> 
     </span>
     <span class='ocr_line' id='line_1_4' title="bbox 207 663 1294 766; baseline -0.001 -26"><span class='ocrx_word' id='word_1_20' title='bbox 207 671 339 766; x_wconf 74' lang='lat' dir='ltr'><strong>fratri,</strong></span> <span class='ocrx_word' id='word_1_21' title='bbox 363 670 416 740; x_wconf 76' lang='lat' dir='ltr'><strong>‘uel</strong></span> <span class='ocrx_word' id='word_1_22' title='bbox 426 669 622 758; x_wconf 77' lang='lat' dir='ltr'><strong>scandalum.</strong></span> <span class='ocrx_word' id='word_1_23' title='bbox 673 669 758 744; x_wconf 90' lang='lat' dir='ltr'><strong>Hoc</strong></span> <span class='ocrx_word' id='word_1_24' title='bbox 771 669 954 764; x_wconf 81' lang='lat' dir='ltr'><strong>judicate,</strong></span> <span class='ocrx_word' id='word_1_25' title='bbox 979 665 1106 761; x_wconf 86' lang='lat' dir='ltr'><strong>idest,</strong></span> <span class='ocrx_word' id='word_1_26' title='bbox 1133 666 1211 741; x_wconf 83' lang='lat' dir='ltr'><strong>hoc</strong></span> <span class='ocrx_word' id='word_1_27' title='bbox 1229 663 1294 740; x_wconf 84' lang='lat' dir='ltr'><strong>sta·</strong></span> 
     </span>
    </p>
   </div>
   <div class='ocr_carea' id='block_1_3' title="bbox 83 764 1294 863">
    <p class='ocr_par' dir='ltr' id='par_1_3' title="bbox 83 764 1294 863">
     <span class='ocr_line' id='line_1_5' title="bbox 83 764 1294 863; baseline -0.002 -21"><span class='ocrx_word' id='word_1_28' title='bbox 83 769 87 776; x_wconf 87' lang='lat'>&#39;</span> <span class='ocrx_word' id='word_1_29' title='bbox 213 771 330 863; x_wconf 80' lang='lat' dir='ltr'><strong>ruite,</strong></span> <span class='ocrx_word' id='word_1_30' title='bbox 357 789 405 843; x_wconf 84' lang='lat' dir='ltr'><strong>ne</strong></span> <span class='ocrx_word' id='word_1_31' title='bbox 424 787 489 862; x_wconf 89' lang='lat' dir='ltr'><strong>per</strong></span> <span class='ocrx_word' id='word_1_32' title='bbox 511 766 776 844; x_wconf 80' lang='lat' dir='ltr'><strong>observantiam</strong></span> <span class='ocrx_word' id='word_1_33' title='bbox 802 770 966 843; x_wconf 88' lang='lat' dir='ltr'><strong>ciborum</strong></span> <span class='ocrx_word' id='word_1_34' title='bbox 988 765 1211 842; x_wconf 84' lang='lat' dir='ltr'><strong>offeniiouer</strong></span> <span class='ocrx_word' id='word_1_35' title='bbox 1228 764 1294 840; x_wconf 86' lang='lat' dir='ltr'><strong>fra·</strong></span> 
     </span>
    </p>
   </div>
   <div class='ocr_carea' id='block_1_4' title="bbox 142 864 1298 1966">
    <p class='ocr_par' dir='ltr' id='par_1_4' title="bbox 142 864 1297 1661">
     <span class='ocr_line' id='line_1_6' title="bbox 215 864 1296 966; baseline -0.004 -22"><span class='ocrx_word' id='word_1_36' title='bbox 215 871 332 944; x_wconf 85' lang='lat' dir='ltr'><strong>tribus</strong></span> <span class='ocrx_word' id='word_1_37' title='bbox 349 871 408 942; x_wconf 92' lang='lat' dir='ltr'><strong>vel</strong></span> <span class='ocrx_word' id='word_1_38' title='bbox 426 868 585 942; x_wconf 77' lang='lat' dir='ltr'><strong>scandala</strong></span> <span class='ocrx_word' id='word_1_39' title='bbox 601 870 793 964; x_wconf 78' lang='lat' dir='ltr'><strong>generetis.</strong></span> <span class='ocrx_word' id='word_1_40' title='bbox 824 867 883 942; x_wconf 87' lang='lat' dir='ltr'><strong>De</strong></span> <span class='ocrx_word' id='word_1_41' title='bbox 898 866 1101 942; x_wconf 76' lang='lat' dir='ltr'><strong>offensione</strong></span> <span class='ocrx_word' id='word_1_42' title='bbox 1119 866 1182 940; x_wconf 89' lang='lat' dir='ltr'><strong>vel</strong></span> <span class='ocrx_word' id='word_1_43' title='bbox 1198 864 1296 966; x_wconf 77' lang='lat' dir='ltr'><strong>ican-</strong></span> 
     </span>
     <span class='ocr_line' id='line_1_7' title="bbox 142 966 1296 1074; baseline -0.003 -32"><span class='ocrx_word' id='word_1_44' title='bbox 142 997 146 1012; x_wconf 90' lang='lat'><strong>·</strong></span> <span class='ocrx_word' id='word_1_45' title='bbox 219 970 305 1042; x_wconf 85' lang='lat' dir='ltr'><strong>dalo</strong></span> <span class='ocrx_word' id='word_1_46' title='bbox 319 971 391 1063; x_wconf 86' lang='lat' dir='ltr'><strong>jam</strong></span> <span class='ocrx_word' id='word_1_47' title='bbox 409 967 530 1074; x_wconf 45' lang='lat' dir='ltr'><strong>suprn</strong></span> <span class='ocrx_word' id='word_1_48' title='bbox 530 968 706 1059; x_wconf 82' lang='lat' dir='ltr'><strong>diximus,</strong></span> <span class='ocrx_word' id='word_1_49' title='bbox 735 968 833 1061; x_wconf 89' lang='lat' dir='ltr'><strong>quod</strong></span> <span class='ocrx_word' id='word_1_50' title='bbox 848 966 1049 1042; x_wconf 84' lang='lat' dir='ltr'><strong>scandalum</strong></span> <span class='ocrx_word' id='word_1_51' title='bbox 1065 967 1129 1059; x_wconf 83' lang='lat' dir='ltr'><strong>fit,</strong></span> <span class='ocrx_word' id='word_1_52' title='bbox 1156 985 1241 1040; x_wconf 88' lang='lat' dir='ltr'><strong>cum</strong></span> <span class='ocrx_word' id='word_1_53' title='bbox 1258 969 1296 1039; x_wconf 90' lang='lat' dir='ltr'><strong>in</strong></span> 
     </span>
     <span class='ocr_line' id='line_1_8' title="bbox 217 1064 1296 1160; baseline -0.005 -17"><span class='ocrx_word' id='word_1_54' title='bbox 217 1071 368 1160; x_wconf 56' lang='lat' dir='ltr'><strong>via2qua</strong></span> <span class='ocrx_word' id='word_1_55' title='bbox 386 1069 565 1140; x_wconf 83' lang='lat' dir='ltr'><strong>inceditur</strong></span> <span class='ocrx_word' id='word_1_56' title='bbox 581 1069 712 1158; x_wconf 81' lang='lat' dir='ltr'><strong>aliquid</strong></span> <span class='ocrx_word' id='word_1_57' title='bbox 730 1068 917 1143; x_wconf 90' lang='lat' dir='ltr'><strong>invenitur</strong></span> <span class='ocrx_word' id='word_1_58' title='bbox 935 1064 1136 1159; x_wconf 76' lang='lat' dir='ltr'><strong>obJetlum,</strong></span> <span class='ocrx_word' id='word_1_59' title='bbox 1163 1066 1204 1139; x_wconf 89' lang='lat' dir='ltr'><strong>in</strong></span> <span class='ocrx_word' id='word_1_60' title='bbox 1223 1086 1296 1157; x_wconf 87' lang='lat' dir='ltr'><strong>quo</strong></span> 
     </span>
     <span class='ocr_line' id='line_1_9' title="bbox 215 1165 1297 1259; baseline -0.004 -17"><span class='ocrx_word' id='word_1_61' title='bbox 215 1167 670 1242; x_wconf 82' lang='lat' dir='ltr'><strong>offendantscandentium</strong></span> <span class='ocrx_word' id='word_1_62' title='bbox 688 1170 750 1242; x_wconf 90' lang='lat' dir='ltr'><strong>vel</strong></span> <span class='ocrx_word' id='word_1_63' title='bbox 766 1167 1010 1243; x_wconf 83' lang='lat' dir='ltr'><strong>incedentium</strong></span> <span class='ocrx_word' id='word_1_64' title='bbox 1029 1167 1152 1259; x_wconf 85' lang='lat' dir='ltr'><strong>pedet.</strong></span> <span class='ocrx_word' id='word_1_65' title='bbox 1208 1165 1297 1240; x_wconf 83' lang='lat' dir='ltr'><strong>Hoc</strong></span> 
     </span>
     <span class='ocr_line' id='line_1_10' title="bbox 215 1264 1296 1365; baseline -0.004 -21"><span class='ocrx_word' id='word_1_66' title='bbox 215 1270 269 1344; x_wconf 89' lang='lat' dir='ltr'><strong>est</strong></span> <span class='ocrx_word' id='word_1_67' title='bbox 285 1277 398 1365; x_wconf 83' lang='lat' dir='ltr'><strong>ergo,</strong></span> <span class='ocrx_word' id='word_1_68' title='bbox 425 1267 525 1359; x_wconf 91' lang='lat' dir='ltr'><strong>quod</strong></span> <span class='ocrx_word' id='word_1_69' title='bbox 541 1269 727 1362; x_wconf 88' lang='lat' dir='ltr'><strong>patiuntur</strong></span> <span class='ocrx_word' id='word_1_70' title='bbox 745 1270 800 1355; x_wconf 88' lang='lat' dir='ltr'><strong>hi,</strong></span> <span class='ocrx_word' id='word_1_71' title='bbox 818 1269 878 1359; x_wconf 90' lang='lat' dir='ltr'><strong>qui</strong></span> <span class='ocrx_word' id='word_1_72' title='bbox 895 1270 990 1342; x_wconf 85' lang='lat' dir='ltr'><strong>viam</strong></span> <span class='ocrx_word' id='word_1_73' title='bbox 1006 1264 1090 1340; x_wconf 87' lang='lat' dir='ltr'><strong>fidei</strong></span> <span class='ocrx_word' id='word_1_74' title='bbox 1106 1286 1226 1359; x_wconf 84' lang='lat' dir='ltr'><strong>nuper</strong></span> <span class='ocrx_word' id='word_1_75' title='bbox 1243 1268 1296 1340; x_wconf 89' lang='lat' dir='ltr'><strong>in·</strong></span> 
     </span>
     <span class='ocr_line' id='line_1_11' title="bbox 213 1365 1295 1466; baseline 0.002 -27"><span class='ocrx_word' id='word_1_76' title='bbox 213 1369 338 1466; x_wconf 75' lang='lat' dir='ltr'><strong>gressi,</strong></span> <span class='ocrx_word' id='word_1_77' title='bbox 364 1368 524 1460; x_wconf 84' lang='lat' dir='ltr'><strong>priorum</strong></span> <span class='ocrx_word' id='word_1_78' title='bbox 542 1368 604 1440; x_wconf 87' lang='lat' dir='ltr'><strong>vel</strong></span> <span class='ocrx_word' id='word_1_79' title='bbox 621 1370 944 1460; x_wconf 73' lang='lat' dir='ltr'><strong>contentionibus,</strong></span> <span class='ocrx_word' id='word_1_80' title='bbox 970 1367 1032 1439; x_wconf 88' lang='lat' dir='ltr'><strong>vel</strong></span> <span class='ocrx_word' id='word_1_81' title='bbox 1047 1365 1295 1461; x_wconf 72' lang='lat' dir='ltr'><strong>negligentia,</strong></span> 
     </span>
     <span class='ocr_line' id='line_1_12' title="bbox 213 1466 1295 1560; baseline -0.003 -17"><span class='ocrx_word' id='word_1_82' title='bbox 213 1471 280 1543; x_wconf 86' lang='lat' dir='ltr'><strong>vel</strong></span> <span class='ocrx_word' id='word_1_83' title='bbox 291 1479 508 1560; x_wconf 85' lang='lat' dir='ltr'><strong>contemptu</strong></span> <span class='ocrx_word' id='word_1_84' title='bbox 528 1467 796 1543; x_wconf 84' lang='lat' dir='ltr'><strong>&amp;elationibus</strong></span> <span class='ocrx_word' id='word_1_85' title='bbox 815 1466 1077 1558; x_wconf 85' lang='lat' dir='ltr'><strong>offenduntur,</strong></span> <span class='ocrx_word' id='word_1_86' title='bbox 1103 1478 1218 1559; x_wconf 83' lang='lat' dir='ltr'><strong>etque</strong></span> <span class='ocrx_word' id='word_1_87' title='bbox 1233 1487 1295 1540; x_wconf 84' lang='lat' dir='ltr'><strong>ex·</strong></span> 
     </span>
     <span class='ocr_line' id='line_1_13' title="bbox 214 1563 1098 1661; baseline -0.006 -16"><span class='ocrx_word' id='word_1_88' title='bbox 214 1570 342 1661; x_wconf 86' lang='lat' dir='ltr'><strong>emplis</strong></span> <span class='ocrx_word' id='word_1_89' title='bbox 359 1587 487 1641; x_wconf 88' lang='lat' dir='ltr'><strong>eorum</strong></span> <span class='ocrx_word' id='word_1_90' title='bbox 506 1568 629 1644; x_wconf 74' lang='lat' dir='ltr'><strong>recudi</strong></span> <span class='ocrx_word' id='word_1_91' title='bbox 647 1581 898 1641; x_wconf 85' lang='lat' dir='ltr'><strong>avertuntura</strong></span> <span class='ocrx_word' id='word_1_92' title='bbox 919 1563 1002 1640; x_wconf 90' lang='lat' dir='ltr'><strong>fide.</strong></span> <span class='ocrx_word' id='word_1_93' title='bbox 1095 1623 1098 1628; x_wconf 83' lang='lat'>.</span> 
     </span>
    </p>

    <p class='ocr_par' dir='ltr' id='par_1_5' title="bbox 216 1664 1298 1966">
     <span class='ocr_line' id='line_1_14' title="bbox 294 1664 1298 1763; baseline -0.007 -23"><span class='ocrx_word' id='word_1_94' title='bbox 294 1688 356 1761; x_wconf 82' lang='lat'><strong>42.</strong></span> <span class='ocrx_word' id='word_1_95' title='bbox 386 1667 455 1743; x_wconf 79' lang='lat' dir='ltr'><strong>Scio</strong></span> <span class='ocrx_word' id='word_1_96' title='bbox 482 1666 521 1743; x_wconf 60' lang='grc' dir='ltr'><strong>(ὅ</strong></span> <span class='ocrx_word' id='word_1_97' title='bbox 543 1670 662 1761; x_wconf 80' lang='lat' dir='ltr'><strong>confido</strong></span> <span class='ocrx_word' id='word_1_98' title='bbox 687 1673 725 1739; x_wconf 82' lang='lat' dir='ltr'><strong>r‘n</strong></span> <span class='ocrx_word' id='word_1_99' title='bbox 754 1673 892 1742; x_wconf 81' lang='lat' dir='ltr'><strong>Domino</strong></span> <span class='ocrx_word' id='word_1_100' title='bbox 917 1666 1020 1763; x_wconf 77' lang='lat' dir='ltr'><strong>Jesu,</strong></span> <span class='ocrx_word' id='word_1_101' title='bbox 1053 1668 1131 1763; x_wconf 79' lang='lat' dir='ltr'><strong>quia</strong></span> <span class='ocrx_word' id='word_1_102' title='bbox 1150 1664 1298 1760; x_wconf 57' lang='lat' dir='ltr'><strong>nitunt</strong></span> 
     </span>
     <span class='ocr_line' id='line_1_15' title="bbox 221 1766 1297 1866; baseline -0.006 -25"><span class='ocrx_word' id='word_1_103' title='bbox 221 1793 380 1841; x_wconf 84' lang='lat' dir='ltr'><strong>commune</strong></span> <span class='ocrx_word' id='word_1_104' title='bbox 406 1769 602 1863; x_wconf 74' lang='lat' dir='ltr'><strong>peripsum,</strong></span> <span class='ocrx_word' id='word_1_105' title='bbox 638 1768 701 1866; x_wconf 74' lang='lat' dir='ltr'><strong>nist</strong></span> <span class='ocrx_word' id='word_1_106' title='bbox 723 1773 752 1839; x_wconf 83' lang='lat' dir='ltr'><strong>er&#39;</strong></span> <span class='ocrx_word' id='word_1_107' title='bbox 774 1774 830 1865; x_wconf 75' lang='lat' dir='ltr'><strong>qui</strong></span> <span class='ocrx_word' id='word_1_108' title='bbox 855 1768 1013 1865; x_wconf 69' lang='lat' dir='ltr'><strong>exrflimar</strong></span> <span class='ocrx_word' id='word_1_109' title='bbox 1038 1766 1116 1864; x_wconf 80' lang='lat' dir='ltr'><strong>quid</strong></span> <span class='ocrx_word' id='word_1_110' title='bbox 1139 1790 1297 1836; x_wconf 81' lang='lat' dir='ltr'><strong>commune</strong></span> 
     </span>
     <span class='ocr_line' id='line_1_16' title="bbox 216 1865 1298 1966; baseline -0.004 -28"><span class='ocrx_word' id='word_1_111' title='bbox 216 1865 299 1964; x_wconf 70' lang='lat' dir='ltr'><strong>effi,</strong></span> <span class='ocrx_word' id='word_1_112' title='bbox 328 1871 379 1938; x_wconf 75' lang='lat' dir='ltr'><strong>illi</strong></span> <span class='ocrx_word' id='word_1_113' title='bbox 398 1893 558 1938; x_wconf 83' lang='lat' dir='ltr'><strong>commune</strong></span> <span class='ocrx_word' id='word_1_114' title='bbox 575 1868 625 1966; x_wconf 72' lang='lat' dir='ltr'><strong>est.</strong></span> <span class='ocrx_word' id='word_1_115' title='bbox 677 1873 717 1942; x_wconf 82' lang='lat' dir='ltr'><strong>Si</strong></span> <span class='ocrx_word' id='word_1_116' title='bbox 735 1894 822 1940; x_wconf 83' lang='lat' dir='ltr'><strong>emm</strong></span> <span class='ocrx_word' id='word_1_117' title='bbox 837 1884 964 1964; x_wconf 80' lang='lat' dir='ltr'><strong>propter</strong></span> <span class='ocrx_word' id='word_1_118' title='bbox 983 1866 1086 1936; x_wconf 81' lang='lat' dir='ltr'><strong>cibum</strong></span> <span class='ocrx_word' id='word_1_119' title='bbox 1096 1866 1213 1957; x_wconf 69' lang='lat' dir='ltr'><strong>[rerer</strong></span> <span class='ocrx_word' id='word_1_120' title='bbox 1228 1884 1298 1938; x_wconf 79' lang='lat' dir='ltr'><strong>trus</strong></span> 
     </span>
    </p>
   </div>
   <div class='ocr_carea' id='block_1_5' title="bbox 130 1967 1323 2067">
    <p class='ocr_par' dir='ltr' id='par_1_6' title="bbox 130 1967 1323 2067">
     <span class='ocr_line' id='line_1_17' title="bbox 130 1967 1323 2067; baseline -0.008 -24"><span class='ocrx_word' id='word_1_121' title='bbox 130 2003 133 2008; x_wconf 94' lang='lat'>·</span> <span class='ocrx_word' id='word_1_122' title='bbox 220 1969 452 2066; x_wconf 63' lang='lat' dir='ltr'><strong>contristatur,</strong></span> <span class='ocrx_word' id='word_1_123' title='bbox 473 1971 545 2067; x_wconf 76' lang='lat' dir='ltr'><strong>jem</strong></span> <span class='ocrx_word' id='word_1_124' title='bbox 561 1968 1011 2058; x_wconf 77' lang='lat' dir='ltr'><strong>nonsecundrrmchurr&#39;rurem</strong></span> <span class='ocrx_word' id='word_1_125' title='bbox 1030 1967 1183 2039; x_wconf 78' lang='lat' dir='ltr'><strong>ambulas.</strong></span> <span class='ocrx_word' id='word_1_126' title='bbox 1223 1968 1323 2066; x_wconf 79' lang='lat' dir='ltr'><strong>Noli¹</strong></span> 
     </span>
    </p>
   </div>
   <div class='ocr_carea' id='block_1_6' title="bbox 114 2066 1300 3762">
    <p class='ocr_par' dir='ltr' id='par_1_7' title="bbox 114 2066 1300 3762">
     <span class='ocr_line' id='line_1_18' title="bbox 216 2066 1298 2166; baseline -0.001 -25"><span class='ocrx_word' id='word_1_127' title='bbox 216 2072 280 2141; x_wconf 77' lang='lat' dir='ltr'><strong>cllo</strong></span> <span class='ocrx_word' id='word_1_128' title='bbox 300 2087 353 2139; x_wconf 85' lang='lat' dir='ltr'><strong>ruo</strong></span> <span class='ocrx_word' id='word_1_129' title='bbox 376 2069 466 2138; x_wconf 67' lang='lat' dir='ltr'><strong>illum</strong></span> <span class='ocrx_word' id='word_1_130' title='bbox 478 2070 623 2161; x_wconf 81' lang='lat' dir='ltr'><strong>perdere,</strong></span> <span class='ocrx_word' id='word_1_131' title='bbox 647 2088 706 2165; x_wconf 81' lang='lat' dir='ltr'><strong>pra</strong></span> <span class='ocrx_word' id='word_1_132' title='bbox 722 2094 780 2166; x_wconf 80' lang='lat' dir='ltr'><strong>quo</strong></span> <span class='ocrx_word' id='word_1_133' title='bbox 799 2068 944 2163; x_wconf 74' lang='lat' dir='ltr'><strong>Christus</strong></span> <span class='ocrx_word' id='word_1_134' title='bbox 963 2084 1106 2138; x_wconf 76' lang='lat' dir='ltr'><strong>mortuus</strong></span> <span class='ocrx_word' id='word_1_135' title='bbox 1125 2066 1178 2162; x_wconf 71' lang='lat' dir='ltr'><strong>eft.</strong></span> <span class='ocrx_word' id='word_1_136' title='bbox 1234 2066 1298 2140; x_wconf 82' lang='lat' dir='ltr'><strong>Di·</strong></span> 
     </span>
     <span class='ocr_line' id='line_1_19' title="bbox 217 2164 1296 2262; baseline -0.006 -16"><span class='ocrx_word' id='word_1_137' title='bbox 217 2170 335 2246; x_wconf 82' lang='lat' dir='ltr'><strong>ximus</strong></span> <span class='ocrx_word' id='word_1_138' title='bbox 354 2165 440 2243; x_wconf 87' lang='lat' dir='ltr'><strong>&amp;in</strong></span> <span class='ocrx_word' id='word_1_139' title='bbox 457 2168 553 2258; x_wconf 84' lang='lat' dir='ltr'><strong>aliia,</strong></span> <span class='ocrx_word' id='word_1_140' title='bbox 580 2169 679 2257; x_wconf 90' lang='lat' dir='ltr'><strong>quud</strong></span> <span class='ocrx_word' id='word_1_141' title='bbox 696 2167 935 2262; x_wconf 74' lang='lat' dir='ltr'><strong>inscripturir</strong></span> <span class='ocrx_word' id='word_1_142' title='bbox 951 2164 1075 2241; x_wconf 75' lang='lat' dir='ltr'><strong>senilia</strong></span> <span class='ocrx_word' id='word_1_143' title='bbox 1095 2167 1296 2242; x_wconf 81' lang='lat' dir='ltr'><strong>vernacule</strong></span> 
     </span>
     <span class='ocr_line' id='line_1_20' title="bbox 223 2266 1298 2374; baseline -0.001 -33"><span class='ocrx_word' id='word_1_144' title='bbox 223 2270 374 2364; x_wconf 87' lang='lat' dir='ltr'><strong>quadam</strong></span> <span class='ocrx_word' id='word_1_145' title='bbox 393 2268 652 2374; x_wconf 66' lang='lat' dir='ltr'><strong>appellatione,</strong></span> <span class='ocrx_word' id='word_1_146' title='bbox 670 2271 769 2358; x_wconf 84' lang='lat' dir='ltr'><strong>quod</strong></span> <span class='ocrx_word' id='word_1_147' title='bbox 786 2266 941 2344; x_wconf 72' lang='lat' dir='ltr'><strong>sendum</strong></span> <span class='ocrx_word' id='word_1_148' title='bbox 957 2269 1017 2341; x_wconf 90' lang='lat' dir='ltr'><strong>vel</strong></span> <span class='ocrx_word' id='word_1_149' title='bbox 1032 2266 1209 2341; x_wconf 88' lang='lat' dir='ltr'><strong>mundum</strong></span> <span class='ocrx_word' id='word_1_150' title='bbox 1223 2287 1298 2340; x_wconf 90' lang='lat' dir='ltr'><strong>non</strong></span> 
     </span>
     <span class='ocr_line' id='line_1_21' title="bbox 114 2367 1299 2462; baseline -0.003 -20"><span class='ocrx_word' id='word_1_151' title='bbox 114 2393 118 2400; x_wconf 79' lang='grc'><strong>’</strong></span> <span class='ocrx_word' id='word_1_152' title='bbox 223 2368 297 2462; x_wconf 82' lang='lat' dir='ltr'><strong>est,</strong></span> <span class='ocrx_word' id='word_1_153' title='bbox 325 2388 520 2442; x_wconf 90' lang='lat' dir='ltr'><strong>commune</strong></span> <span class='ocrx_word' id='word_1_154' title='bbox 535 2370 766 2446; x_wconf 86' lang='lat' dir='ltr'><strong>nominetur:</strong></span> <span class='ocrx_word' id='word_1_155' title='bbox 793 2389 872 2461; x_wconf 77' lang='lat' dir='ltr'><strong>que</strong></span> <span class='ocrx_word' id='word_1_156' title='bbox 897 2383 1017 2443; x_wconf 88' lang='lat' dir='ltr'><strong>tamen</strong></span> <span class='ocrx_word' id='word_1_157' title='bbox 1043 2367 1242 2460; x_wconf 71' lang='lat' dir='ltr'><strong>appellatio</strong></span> <span class='ocrx_word' id='word_1_158' title='bbox 1264 2369 1299 2439; x_wconf 90' lang='lat' dir='ltr'><strong>iu</strong></span> 
     </span>
     <span class='ocr_line' id='line_1_22' title="bbox 218 2465 1299 2561; baseline -0.002 -19"><span class='ocrx_word' id='word_1_159' title='bbox 218 2490 327 2558; x_wconf 81' lang='lat' dir='ltr'><strong>novo</strong></span> <span class='ocrx_word' id='word_1_160' title='bbox 354 2465 592 2542; x_wconf 86' lang='lat' dir='ltr'><strong>Testamento</strong></span> <span class='ocrx_word' id='word_1_161' title='bbox 621 2467 847 2561; x_wconf 77' lang='lat' dir='ltr'><strong>frequentius</strong></span> <span class='ocrx_word' id='word_1_162' title='bbox 872 2468 1079 2556; x_wconf 87' lang='lat' dir='ltr'><strong>invenitur,</strong></span> <span class='ocrx_word' id='word_1_163' title='bbox 1111 2466 1149 2536; x_wconf 92' lang='lat' dir='ltr'><strong>in</strong></span> <span class='ocrx_word' id='word_1_164' title='bbox 1179 2467 1299 2539; x_wconf 86' lang='lat' dir='ltr'><strong>veteri</strong></span> 
     </span>
     <span class='ocr_line' id='line_1_23' title="bbox 146 2562 1294 2659; baseline -0.003 -17"><span class='ocrx_word' id='word_1_165' title='bbox 146 2653 151 2659; x_wconf 49' lang='grc'>,</span> <span class='ocrx_word' id='word_1_166' title='bbox 218 2589 311 2642; x_wconf 91' lang='lat' dir='ltr'><strong>vero</strong></span> <span class='ocrx_word' id='word_1_167' title='bbox 330 2589 408 2642; x_wconf 92' lang='lat' dir='ltr'><strong>non</strong></span> <span class='ocrx_word' id='word_1_168' title='bbox 427 2568 605 2642; x_wconf 87' lang='lat' dir='ltr'><strong>recordor</strong></span> <span class='ocrx_word' id='word_1_169' title='bbox 620 2568 730 2642; x_wconf 76' lang='lat' dir='ltr'><strong>sicubi</strong></span> <span class='ocrx_word' id='word_1_170' title='bbox 748 2570 932 2642; x_wconf 75' lang='lat' dir='ltr'><strong>nominata</strong></span> <span class='ocrx_word' id='word_1_171' title='bbox 951 2564 1021 2657; x_wconf 89' lang='lat' dir='ltr'><strong>est,</strong></span> <span class='ocrx_word' id='word_1_172' title='bbox 1049 2578 1090 2637; x_wconf 93' lang='lat' dir='ltr'><strong>ut</strong></span> <span class='ocrx_word' id='word_1_173' title='bbox 1111 2567 1148 2640; x_wconf 93' lang='lat' dir='ltr'><strong>in</strong></span> <span class='ocrx_word' id='word_1_174' title='bbox 1172 2562 1294 2639; x_wconf 82' lang='lat' dir='ltr'><strong>Euan·</strong></span> 
     </span>
     <span class='ocr_line' id='line_1_24' title="bbox 219 2667 1298 2767; baseline -0.008 -24"><span class='ocrx_word' id='word_1_175' title='bbox 219 2671 318 2767; x_wconf 73' lang='lat' dir='ltr'><strong>gello</strong></span> <span class='ocrx_word' id='word_1_176' title='bbox 335 2668 502 2741; x_wconf 73' lang='lat' dir='ltr'><strong>Salvator</strong></span> <span class='ocrx_word' id='word_1_177' title='bbox 519 2667 629 2762; x_wconf 87' lang='lat' dir='ltr'><strong>dicit,</strong></span> <span class='ocrx_word' id='word_1_178' title='bbox 655 2668 738 2761; x_wconf 76' lang='lat' dir='ltr'><strong>quia</strong></span> <span class='ocrx_word' id='word_1_179' title='bbox 756 2670 791 2742; x_wconf 79' lang='lat' dir='ltr'><strong>dt</strong></span> <span class='ocrx_word' id='word_1_180' title='bbox 805 2670 890 2742; x_wconf 80' lang='lat' dir='ltr'><strong>corde</strong></span> <span class='ocrx_word' id='word_1_181' title='bbox 904 2668 1076 2764; x_wconf 78' lang='lat' dir='ltr'><strong>procedunt</strong></span> <span class='ocrx_word' id='word_1_182' title='bbox 1088 2670 1298 2758; x_wconf 63' lang='lat' dir='ltr'><strong>&#39;gireiiorrer</strong></span> 
     </span>
     <span class='ocr_line' id='line_1_25' title="bbox 221 2765 1299 2860; baseline -0.003 -21"><span class='ocrx_word' id='word_1_183' title='bbox 221 2773 331 2852; x_wconf 74' lang='lat' dir='ltr'><strong>male,</strong></span> <span class='ocrx_word' id='word_1_184' title='bbox 357 2769 554 2854; x_wconf 79' lang='lat' dir='ltr'><strong>homicidia,</strong></span> <span class='ocrx_word' id='word_1_185' title='bbox 577 2769 839 2860; x_wconf 72' lang='lat' dir='ltr'><strong>fornicationes,</strong></span> <span class='ocrx_word' id='word_1_186' title='bbox 864 2770 1049 2853; x_wconf 75' lang='lat' dir='ltr'><strong>adulterio,</strong></span> <span class='ocrx_word' id='word_1_187' title='bbox 1066 2765 1190 2856; x_wconf 76' lang='lat' dir='ltr'><strong>surio,</strong></span> <span class='ocrx_word' id='word_1_188' title='bbox 1212 2766 1299 2857; x_wconf 76' lang='lat' dir='ltr'><strong>salse</strong></span> 
     </span>
     <span class='ocr_line' id='line_1_26' title="bbox 129 2865 1297 2964; baseline -0.003 -23"><span class='ocrx_word' id='word_1_189' title='bbox 129 2881 136 2895; x_wconf 90' lang='lat'><strong><em>‘</em></strong></span> <span class='ocrx_word' id='word_1_190' title='bbox 220 2870 419 2964; x_wconf 74' lang='lat' dir='ltr'><strong>testimonia:</strong></span> <span class='ocrx_word' id='word_1_191' title='bbox 448 2865 485 2942; x_wconf 68' lang='lat' dir='ltr'><strong>(i</strong></span> <span class='ocrx_word' id='word_1_192' title='bbox 506 2868 561 2962; x_wconf 79' lang='lat' dir='ltr'><strong>ifle</strong></span> <span class='ocrx_word' id='word_1_193' title='bbox 574 2869 667 2963; x_wconf 71' lang='lat' dir='ltr'><strong>sunt,</strong></span> <span class='ocrx_word' id='word_1_194' title='bbox 684 2894 752 2964; x_wconf 76' lang='lat' dir='ltr'><strong>qua</strong></span> <span class='ocrx_word' id='word_1_195' title='bbox 770 2874 1001 2940; x_wconf 81' lang='lat' dir='ltr'><strong>communicant</strong></span> <span class='ocrx_word' id='word_1_196' title='bbox 1017 2868 1186 2943; x_wconf 78' lang='lat' dir='ltr'><strong>bominem.</strong></span> <span class='ocrx_word' id='word_1_197' title='bbox 1216 2870 1297 2938; x_wconf 79' lang='lat' dir='ltr'><strong>Nora</strong></span> 
     </span>
     <span class='ocr_line' id='line_1_27' title="bbox 219 2967 1294 3058; baseline -0.002 -17"><span class='ocrx_word' id='word_1_198' title='bbox 219 2970 294 3041; x_wconf 79' lang='lat' dir='ltr'><strong>lorir</strong></span> <span class='ocrx_word' id='word_1_199' title='bbox 316 2984 422 3040; x_wconf 81' lang='lat' dir='ltr'><strong>aurem</strong></span> <span class='ocrx_word' id='word_1_200' title='bbox 441 2967 584 3036; x_wconf 79' lang='lat' dir='ltr'><strong>manibus</strong></span> <span class='ocrx_word' id='word_1_201' title='bbox 602 2971 801 3051; x_wconf 82' lang='lat' dir='ltr'><strong>munducare,</strong></span> <span class='ocrx_word' id='word_1_202' title='bbox 817 2994 884 3042; x_wconf 79' lang='lat' dir='ltr'><strong>mon</strong></span> <span class='ocrx_word' id='word_1_203' title='bbox 901 2972 1109 3058; x_wconf 62' lang='lat' dir='ltr'><strong>communiret</strong></span> <span class='ocrx_word' id='word_1_204' title='bbox 1123 2968 1294 3040; x_wconf 74' lang='lat' dir='ltr'><strong>hominem.</strong></span> 
     </span>
     <span class='ocr_line' id='line_1_28' title="bbox 221 3067 1296 3165; baseline -0.002 -27"><span class='ocrx_word' id='word_1_205' title='bbox 221 3068 399 3165; x_wconf 79' lang='lat' dir='ltr'><strong>Quemvis</strong></span> <span class='ocrx_word' id='word_1_206' title='bbox 416 3067 452 3140; x_wconf 90' lang='lat' dir='ltr'><strong>in</strong></span> <span class='ocrx_word' id='word_1_207' title='bbox 469 3068 652 3140; x_wconf 85' lang='lat' dir='ltr'><strong>nonnullis</strong></span> <span class='ocrx_word' id='word_1_208' title='bbox 668 3070 930 3163; x_wconf 79' lang='lat' dir='ltr'><strong>exemplaribus</strong></span> <span class='ocrx_word' id='word_1_209' title='bbox 949 3067 1067 3142; x_wconf 89' lang='lat' dir='ltr'><strong>Latini</strong></span> <span class='ocrx_word' id='word_1_210' title='bbox 1085 3086 1152 3158; x_wconf 84' lang='lat' dir='ltr'><strong>pro</strong></span> <span class='ocrx_word' id='word_1_211' title='bbox 1163 3091 1296 3158; x_wconf 75' lang='lat' dir='ltr'><strong>commu-</strong></span> 
     </span>
     <span class='ocr_line' id='line_1_29' title="bbox 217 3166 1292 3261; baseline 0.006 -27"><span class='ocrx_word' id='word_1_212' title='bbox 217 3175 352 3253; x_wconf 72' lang='lat' dir='ltr'><strong>nicant,</strong></span> <span class='ocrx_word' id='word_1_213' title='bbox 377 3170 589 3261; x_wconf 76' lang='lat' dir='ltr'><strong>coinquinant</strong></span> <span class='ocrx_word' id='word_1_214' title='bbox 607 3166 819 3261; x_wconf 87' lang='lat' dir='ltr'><strong>posuerint,</strong></span> <span class='ocrx_word' id='word_1_215' title='bbox 847 3168 881 3240; x_wconf 83' lang='lat' dir='ltr'><strong>dt</strong></span> <span class='ocrx_word' id='word_1_216' title='bbox 906 3170 992 3242; x_wconf 89' lang='lat' dir='ltr'><strong>licet</strong></span> <span class='ocrx_word' id='word_1_217' title='bbox 1018 3166 1143 3240; x_wconf 86' lang='lat' dir='ltr'><strong>erdem</strong></span> <span class='ocrx_word' id='word_1_218' title='bbox 1173 3168 1292 3242; x_wconf 84' lang='lat' dir='ltr'><strong>virtut</strong></span> 
     </span>
     <span class='ocr_line' id='line_1_30' title="bbox 222 3266 1300 3361; baseline -0.001 -19"><span class='ocrx_word' id='word_1_219' title='bbox 222 3268 286 3354; x_wconf 81' lang='lat' dir='ltr'><strong>stt,</strong></span> <span class='ocrx_word' id='word_1_220' title='bbox 313 3268 515 3361; x_wconf 84' lang='lat' dir='ltr'><strong>proprietas</strong></span> <span class='ocrx_word' id='word_1_221' title='bbox 533 3281 652 3343; x_wconf 88' lang='lat' dir='ltr'><strong>tamen</strong></span> <span class='ocrx_word' id='word_1_222' title='bbox 667 3266 840 3342; x_wconf 81' lang='lat' dir='ltr'><strong>sermonis</strong></span> <span class='ocrx_word' id='word_1_223' title='bbox 856 3272 1065 3339; x_wconf 76' lang='lat' dir='ltr'><strong>communicat</strong></span> <span class='ocrx_word' id='word_1_224' title='bbox 1079 3266 1201 3342; x_wconf 82' lang='lat' dir='ltr'><strong>habet.</strong></span> <span class='ocrx_word' id='word_1_225' title='bbox 1228 3266 1300 3341; x_wconf 89' lang='lat' dir='ltr'><strong>Sed</strong></span> 
     </span>
     <span class='ocr_line' id='line_1_31' title="bbox 155 3364 1292 3457; baseline 0 -15"><span class='ocrx_word' id='word_1_226' title='bbox 155 3435 158 3442; x_wconf 93' lang='lat'><em>.</em></span> <span class='ocrx_word' id='word_1_227' title='bbox 220 3367 306 3442; x_wconf 83' lang='lat' dir='ltr'><strong>&amp;in</strong></span> <span class='ocrx_word' id='word_1_228' title='bbox 327 3364 474 3440; x_wconf 76' lang='lat' dir='ltr'><strong>uulnus</strong></span> <span class='ocrx_word' id='word_1_229' title='bbox 488 3366 750 3457; x_wconf 85' lang='lat' dir='ltr'><strong>Apostolorum</strong></span> <span class='ocrx_word' id='word_1_230' title='bbox 769 3366 947 3442; x_wconf 87' lang='lat' dir='ltr'><strong>Dominus</strong></span> <span class='ocrx_word' id='word_1_231' title='bbox 963 3368 1050 3440; x_wconf 91' lang='lat' dir='ltr'><strong>dicit</strong></span> <span class='ocrx_word' id='word_1_232' title='bbox 1068 3364 1111 3438; x_wconf 90' lang='lat' dir='ltr'><strong>ad</strong></span> <span class='ocrx_word' id='word_1_233' title='bbox 1128 3364 1292 3442; x_wconf 83' lang='lat' dir='ltr'><strong>Petrum:</strong></span> 
     </span>
     <span class='ocr_line' id='line_1_32' title="bbox 142 3461 1296 3566; baseline 0.003 -29"><span class='ocrx_word' id='word_1_234' title='bbox 142 3541 154 3566; x_wconf 33' lang='lat' dir='ltr'>x</span> <span class='ocrx_word' id='word_1_235' title='bbox 221 3470 319 3561; x_wconf 74' lang='lat' dir='ltr'><strong>Quod</strong></span> <span class='ocrx_word' id='word_1_236' title='bbox 337 3471 422 3538; x_wconf 78' lang='lat' dir='ltr'><strong>Deus</strong></span> <span class='ocrx_word' id='word_1_237' title='bbox 439 3469 632 3549; x_wconf 82' lang='lat' dir='ltr'><strong>mundavit,</strong></span> <span class='ocrx_word' id='word_1_238' title='bbox 659 3486 695 3538; x_wconf 88' lang='lat' dir='ltr'><strong>ru</strong></span> <span class='ocrx_word' id='word_1_239' title='bbox 714 3492 922 3547; x_wconf 80' lang='lat' dir='ltr'><strong>communem</strong></span> <span class='ocrx_word' id='word_1_240' title='bbox 940 3471 1073 3540; x_wconf 73' lang='lat' dir='ltr'><strong>dixeris.</strong></span> <span class='ocrx_word' id='word_1_241' title='bbox 1123 3461 1222 3539; x_wconf 88' lang='lat' dir='ltr'><strong>Puto</strong></span> <span class='ocrx_word' id='word_1_242' title='bbox 1241 3485 1296 3540; x_wconf 83' lang='lat' dir='ltr'><strong>er·</strong></span> 
     </span>
     <span class='ocr_line' id='line_1_33' title="bbox 218 3565 1295 3665; baseline -0.003 -25"><span class='ocrx_word' id='word_1_243' title='bbox 218 3588 269 3665; x_wconf 83' lang='lat' dir='ltr'><strong>go</strong></span> <span class='ocrx_word' id='word_1_244' title='bbox 296 3568 380 3641; x_wconf 92' lang='lat' dir='ltr'><strong>inde</strong></span> <span class='ocrx_word' id='word_1_245' title='bbox 406 3565 506 3640; x_wconf 89' lang='lat' dir='ltr'><strong>usum</strong></span> <span class='ocrx_word' id='word_1_246' title='bbox 531 3568 634 3657; x_wconf 77' lang='lat' dir='ltr'><strong>hujus</strong></span> <span class='ocrx_word' id='word_1_247' title='bbox 662 3567 833 3642; x_wconf 87' lang='lat' dir='ltr'><strong>sermonis</strong></span> <span class='ocrx_word' id='word_1_248' title='bbox 860 3566 1093 3663; x_wconf 73' lang='lat' dir='ltr'><strong>assumptum,</strong></span> <span class='ocrx_word' id='word_1_249' title='bbox 1126 3578 1169 3638; x_wconf 91' lang='lat' dir='ltr'><strong>ut</strong></span> <span class='ocrx_word' id='word_1_250' title='bbox 1198 3567 1295 3659; x_wconf 85' lang='lat' dir='ltr'><strong>quia,</strong></span> 
     </span>
     <span class='ocr_line' id='line_1_34' title="bbox 220 3665 1298 3762; baseline 0 -23"><span class='ocrx_word' id='word_1_251' title='bbox 220 3668 325 3740; x_wconf 86' lang='lat' dir='ltr'><strong>verbi</strong></span> <span class='ocrx_word' id='word_1_252' title='bbox 352 3668 486 3762; x_wconf 78' lang='lat' dir='ltr'><strong>gretie,</strong></span> <span class='ocrx_word' id='word_1_253' title='bbox 512 3665 594 3740; x_wconf 85' lang='lat' dir='ltr'><strong>vair</strong></span> <span class='ocrx_word' id='word_1_254' title='bbox 619 3670 743 3762; x_wconf 88' lang='lat' dir='ltr'><strong>templi</strong></span> <span class='ocrx_word' id='word_1_255' title='bbox 765 3667 963 3743; x_wconf 89' lang='lat' dir='ltr'><strong>ministerio</strong></span> <span class='ocrx_word' id='word_1_256' title='bbox 988 3666 1186 3762; x_wconf 84' lang='lat' dir='ltr'><strong>segregata,</strong></span> <span class='ocrx_word' id='word_1_257' title='bbox 1215 3665 1298 3739; x_wconf 85' lang='lat' dir='ltr'><strong>vasa</strong></span> 
     </span>
    </p>
   </div>
   <div class='ocr_carea' id='block_1_7' title="bbox 82 3764 1299 3863">
    <p class='ocr_par' dir='ltr' id='par_1_8' title="bbox 82 3764 1299 3863">
     <span class='ocr_line' id='line_1_35' title="bbox 82 3764 1299 3863; baseline -0.002 -20"><span class='ocrx_word' id='word_1_258' title='bbox 82 3799 88 3830; x_wconf 67' lang='grc' dir='ltr'><strong>π</strong></span> <span class='ocrx_word' id='word_1_259' title='bbox 221 3766 297 3843; x_wconf 80' lang='lat' dir='ltr'><strong>stne</strong></span> <span class='ocrx_word' id='word_1_260' title='bbox 320 3767 432 3838; x_wconf 89' lang='lat' dir='ltr'><strong>dubio</strong></span> <span class='ocrx_word' id='word_1_261' title='bbox 452 3764 604 3843; x_wconf 88' lang='lat' dir='ltr'><strong>Domini</strong></span> <span class='ocrx_word' id='word_1_262' title='bbox 631 3768 923 3863; x_wconf 78' lang='lat' dir='ltr'><strong>appellabantur,</strong></span> <span class='ocrx_word' id='word_1_263' title='bbox 952 3767 993 3840; x_wconf 87' lang='lat' dir='ltr'><strong>ad</strong></span> <span class='ocrx_word' id='word_1_264' title='bbox 1021 3767 1149 3840; x_wconf 90' lang='lat' dir='ltr'><strong>borum</strong></span> <span class='ocrx_word' id='word_1_265' title='bbox 1177 3778 1299 3841; x_wconf 84' lang='lat' dir='ltr'><strong>eurem</strong></span> 
     </span>
    </p>
   </div>
   <div class='ocr_carea' id='block_1_8' title="bbox 221 3864 1298 3958">
    <p class='ocr_par' dir='ltr' id='par_1_9' title="bbox 221 3864 1298 3958">
     <span class='ocr_line' id='line_1_36' title="bbox 221 3864 1298 3958; baseline -0.002 -16"><span class='ocrx_word' id='word_1_266' title='bbox 221 3864 485 3942; x_wconf 74' lang='lat' dir='ltr'><strong>distintliunem</strong></span> <span class='ocrx_word' id='word_1_267' title='bbox 511 3868 649 3958; x_wconf 83' lang='lat' dir='ltr'><strong>relique</strong></span> <span class='ocrx_word' id='word_1_268' title='bbox 664 3866 746 3940; x_wconf 82' lang='lat' dir='ltr'><strong>vasa</strong></span> <span class='ocrx_word' id='word_1_269' title='bbox 766 3869 972 3943; x_wconf 79' lang='lat' dir='ltr'><strong>communie</strong></span> <span class='ocrx_word' id='word_1_270' title='bbox 992 3866 1220 3939; x_wconf 73' lang='lat' dir='ltr'><strong>dicebantur:</strong></span> <span class='ocrx_word' id='word_1_271' title='bbox 1247 3868 1298 3940; x_wconf 85' lang='lat' dir='ltr'><strong>ita</strong></span> 
     </span>
    </p>
   </div>
   <div class='ocr_carea' id='block_1_9' title="bbox 82 3964 1299 4070">
    <p class='ocr_par' dir='ltr' id='par_1_10' title="bbox 82 3964 1299 4070">
     <span class='ocr_line' id='line_1_37' title="bbox 82 3964 1299 4070; baseline -0.002 -24"><span class='ocrx_word' id='word_1_272' title='bbox 82 4054 88 4070; x_wconf 55' lang='lat'><em>,</em></span> <span class='ocrx_word' id='word_1_273' title='bbox 220 3965 255 4046; x_wconf 82' lang='lat' dir='ltr'><strong>dt</strong></span> <span class='ocrx_word' id='word_1_274' title='bbox 274 3967 318 4046; x_wconf 88' lang='lat' dir='ltr'><strong>ud</strong></span> <span class='ocrx_word' id='word_1_275' title='bbox 334 3967 499 4045; x_wconf 87' lang='lat' dir='ltr'><strong>ciborum</strong></span> <span class='ocrx_word' id='word_1_276' title='bbox 515 3964 799 4067; x_wconf 78' lang='lat' dir='ltr'><strong>dstlutliouem,</strong></span> <span class='ocrx_word' id='word_1_277' title='bbox 827 3985 1068 4065; x_wconf 82' lang='lat' dir='ltr'><strong>eorum‚quor</strong></span> <span class='ocrx_word' id='word_1_278' title='bbox 1086 3965 1178 4060; x_wconf 76' lang='lat' dir='ltr'><strong>quast</strong></span> <span class='ocrx_word' id='word_1_279' title='bbox 1196 3986 1299 4044; x_wconf 87' lang='lat' dir='ltr'><strong>mun·</strong></span> 
     </span>
    </p>
   </div>
   <div class='ocr_carea' id='block_1_10' title="bbox 1144 4066 1242 4192">
    <p class='ocr_par' dir='ltr' id='par_1_11' title="bbox 1144 4066 1242 4192">
     <span class='ocr_line' id='line_1_38' title="bbox 1144 4066 1242 4192; baseline 0.041 -52"><span class='ocrx_word' id='word_1_280' title='bbox 1144 4185 1151 4192; x_wconf 11' lang='grc' dir='ltr'>ᾖ</span> <span class='ocrx_word' id='word_1_281' title='bbox 1173 4066 1242 4144; x_wconf 77' lang='lat' dir='ltr'><strong>dos</strong></span> 
     </span>
    </p>
   </div>
   <div class='ocr_carea' id='block_1_11' title="bbox 1334 665 1340 746">
    <p class='ocr_par' dir='ltr' id='par_1_12' title="bbox 1334 665 1340 746">
     <span class='ocr_line' id='line_1_39' title="bbox 1334 665 1340 746; baseline 0 0"><span class='ocrx_word' id='word_1_282' title='bbox 1334 665 1340 746; x_wconf 88' lang='lat' dir='ltr'><strong>l</strong></span> 
     </span>
    </p>
   </div>
   <div class='ocr_carea' id='block_1_12' title="bbox 0 0 1421 4559">
    <p class='ocr_par' dir='ltr' id='par_1_13' title="bbox 0 0 1421 4559">
     <span class='ocr_line' id='line_1_40' title="bbox 0 0 1421 4559; baseline 0 0"><span class='ocrx_word' id='word_1_283' title='bbox 0 0 1421 4559; x_wconf 95' lang='lat' dir='ltr'><strong> </strong></span> 
     </span>
    </p>
   </div>
  </div>
 </body>
</html>
