2825 4559
194 329 203 342 „
245 201 311 358 iu
334 232 504 353 eursu.
531 271 609 348 uo
632 233 1069 396 uoutu.'elu.‘11.
1144 277 1189 348 o
1316 379 1318 384 Ι

114 445 169 524 -θ
191 426 341 515 ironurern
363 439 403 518 U
419 442 685 534 incorruptionem
698 453 869 534 quarunt,
897 436 996 530 quod
1016 438 1096 533 ipfit
1113 435 1194 510 ted·

128 547 185 624 dit
200 545 305 618 Deus
318 547 425 615 uitari
440 557 601 612 uteorum.
636 535 846 630 Patientiam
864 555 983 613 autom
998 539 1084 612 boni
1103 561 1192 633 ope·
1246 619 1248 626 ,

125 647 180 720 tio
201 643 327 716 inillis
350 639 421 716 esse
444 655 582 713 certum
609 638 678 731 est,
705 639 766 729 qui
785 657 918 731 agones
944 637 1192 714 &certamina
1254 629 1259 646 ⁸

126 741 320 842 portarunt
334 742 497 834 pietatis:
525 736 743 830 quod‚supru
759 737 986 828 exposuimus
1003 741 1193 814 evidenter
1303 749 1306 762 '

129 843 177 918 de
192 840 400 916 Christianis
420 839 507 924 dici,
534 839 626 932 opud
645 857 738 928 quos
755 851 929 927 martyres
954 835 1055 914 fiunt.
1107 841 1194 912 Pro·
1263 839 1266 854 '

129 943 238 1022 batur
251 943 287 1014 id
303 933 410 1014 etiam
422 959 486 1033 per
503 938 600 1029 hoc,
619 938 718 1028 quod
732 935 911 1008 Dominus
929 939 1016 1010 dicit
1031 939 1074 1012 ad
1089 941 1192 1035 Apo·
1249 981 1255 994 -

129 1039 271 1134 ίὶοΙοε,
297 1041 380 1131 quia
405 1040 643 1110 tribulationem
669 1037 824 1106 habebitis
848 1043 884 1104 in
910 1039 964 1106 inc
987 1043 1126 1129 rotundo,
1152 1045 1193 1116 (9·

110 1144 272 1216 fruuntur
283 1140 519 1234 gratulabitur,
542 1161 599 1208 uos
614 1152 721 1207 autem
734 1137 896 1227 lugebitis.-
921 1137 1099 1210 &rddidit
1112 1143 1194 1234 post

130 1260 267 1336 pauca:
291 1242 500 1336 inpatientia
509 1239 609 1334 orfito
620 1242 788 1333 acquiretis
799 1244 922 1306 animat
934 1238 1065 1332 uestros.
1094 1239 1194 1312 Chri·

129 1339 328 1417 stirnorum
348 1359 437 1434 ergo
459 1337 509 1411 est
530 1335 721 1430 preffurom
745 1341 818 1427 pati
843 1338 878 1408 in
903 1341 975 1410 hoc
1001 1339 1130 1410 saeeuio
1157 1341 1192 1412 δι

129 1442 279 1536 lugere,
305 1458 458 1529 quorum
476 1435 527 1510 ost
547 1439 783 1526 vitientur,
833 1433 881 1506 Et
900 1439 953 1510 vis
973 1438 1073 1524 scire,
1092 1441 1192 1526 ortod
1316 1521 1318 1526 ,

131 1540 267 1614 uuiliur
282 1539 332 1611 est
350 1541 425 1610 vita
439 1554 593 1624 eterna,
619 1536 681 1609 nifi
697 1535 794 1627 ejus,
823 1537 881 1625 qui
898 1539 1021 1610 credat
1037 1542 1072 1609 in
1092 1537 1194 1613 Chri·
1320 1625 1324 1634 Ι

130 1637 260 1714 stum?
311 1637 405 1711 Audi
430 1639 629 1710 Salvatoris
652 1635 756 1730 ipsius
782 1654 916 1708 vocem
941 1639 1132 1711 evidenter
1156 1641 1196 1714 iu
1325 1645 1340 1662 ‘

131 1735 340 1834 Evangeliis
359 1737 616 1830 designantem:
647 1741 722 1806 Hac
739 1734 778 1831 ιβ
795 1749 902 1804 autem
918 1753 1139 1819 vitiaretur,
1157 1757 1196 1813 ur

128 1841 314 1932 cognoscant
330 1854 362 1907 te
375 1837 480 1925 solunt
499 1856 611 1904 verunt
635 1836 756 1916 Deum,
782 1835 821 1906 U
847 1859 934 1928 quem
953 1837 1056 1932 troififli
1080 1837 1195 1935 Josurrt

134 1939 309 2036 christum.
361 1939 483 2009 Omnis
509 1951 597 2027 ergo
621 1935 680 2023 qui
702 1948 779 2003 non
801 1936 952 2024 agnovit
975 1935 1114 2012 Patrem
1139 1939 1198 2013 so-

132 2041 208 2114 turn
230 2056 358 2110 verum
380 2035 517 2123 Deum,
543 2035 577 2104 o
599 2026 728 2104 Filium
754 2031 830 2120 ejus
854 2032 969 2124 jesum
998 2035 1196 2134 Christum,

133 2139 271 2212 alienus
288 2134 341 2208 est
359 2137 403 2208 ab
421 2131 620 2208 eiernitate
639 2133 736 2205 vitae.
789 2131 877 2202 ttaec
896 2138 990 2208 enim
1005 2139 1076 2228 ipsa
1102 2143 1198 2236 agni-

135 2240 191 2311 tio
216 2237 250 2308 ἃ
276 2231 365 2307 fider
392 2238 468 2305 vitu
490 2229 560 2308 effe
585 2232 787 2325 defiguntur
811 2247 954 2307 eterna.
1007 2233 1067 2310 Est
1091 2241 1197 2333 igitur
1311 2277 1314 2282 ·

133 2339 269 2434 primus
290 2336 350 2408 hic
371 2331 650 2407 Christianorum
674 2334 802 2421 locus,
829 2333 957 2420 quibus
975 2357 1040 2427 per
1060 2345 1199 2433 patien.
1336 2361 1338 2368 ·

133 2439 221 2510 tium
239 2436 327 2509 boni
345 2437 465 2525 operis
480 2434 652 2528 glorium,
679 2431 713 2504 ἃ
734 2435 931 2520 honorem,
957 2437 1198 2538 &incorrup.

133 2537 276 2609 tionem
296 2533 535 2625 quarentibus
562 2535 637 2606 vita
662 2543 797 2604 eterna
820 2534 1014 2630 reddetur,
1040 2544 1099 2615 illa
1124 2548 1197 2622 fine

135 2635 270 2713 dubio,
296 2654 373 2726 que
399 2633 508 2706 dicit:
542 2634 608 2726 Ego
630 2636 697 2721 [um
719 2639 796 2717 oia,
821 2639 944 2702 vertras
963 2637 1001 2713 σ
1018 2651 1101 2714 vora,
1151 2649 1196 2723 ln

135 2732 281 2808 Christo
304 2749 447 2822 autem,
473 2733 532 2822 qui
555 2737 631 2805 vita
657 2747 790 2816 aeterna
814 2727 884 2817 est,
913 2737 1092 2816 bonorum
1120 2763 1198 2820 ont.

132 2839 234 2910 nium
253 2830 304 2905 est
322 2831 523 2927 plenitudo.
575 2832 744 2906 Secundo
767 2835 804 2905 in
825 2831 915 2904 loco
937 2856 1123 2929 ponuntur
1141 2847 1195 2940 hi,

133 2943 191 3032 qui
213 2961 252 3004 ex
271 2938 487 3018 contentione,
514 2931 554 3011 (5
576 2944 632 3032 qui
649 2933 808 3022 diffidunt
825 2937 949 3029 quodem
968 2948 1123 3032 ueritati,
1149 2948 1199 3019 ab.

134 3049 314 3130 temperant
325 3050 431 3104 autem
446 3041 642 3130 iniquitati3
670 3038 797 3126 quibus
810 3037 861 3104 iro
875 3033 914 3109 (5
929 3043 1119 3133 indignatio,
1135 3055 1197 3118 tri·
1255 3087 1257 3094 ·

136 3135 256 3206 iotario
273 3134 312 3209 tt
328 3135 471 3229 angustio
490 3134 672 3225 imminet3
698 3137 734 3206 id
755 3133 825 3224 est,
849 3141 950 3211 omni
967 3145 1089 3217 anime
1110 3167 1198 3238 ope·

138 3235 230 3306 tanti
248 3235 400 3322 malurn,
426 3234 552 3327 Judaeo
571 3238 724 3327 primum
740 3237 774 3307 δι
793 3233 937 3313 Graeco.
989 3241 1056 3315 His
1077 3261 1197 3322 autem

135 3334 272 3407 eisdem
293 3334 398 3405 etiarn
416 3334 601 3409 bonorum
617 3337 810 3408 retributio
832 3338 945 3408 tertio
962 3341 1001 3414 in
1017 3342 1104 3414 loco
1120 3347 1197 3439 pari

135 3453 219 3506 curo
242 3431 465 3506 distinetione
492 3437 739 3529 promittitur,
766 3455 848 3508 cum
870 3438 975 3511 dicit:
1007 3444 1119 3514 Gloria
1139 3471 1198 3517 au·
1239 3523 1241 3530 ,

135 3551 225 3625 reor,
249 3534 288 3608 U
304 3534 423 3622 honor,
447 3534 485 3610 θ
500 3557 564 3628 pax
579 3543 665 3608 onrni
680 3543 826 3631 operanti
842 3536 971 3625 ionum,
1000 3543 1113 3635 Judoo
1125 3551 1196 3640 pri-

134 3657 221 3704 ruum
239 3633 279 3710 (5
292 3635 408 3704 Graio.
460 3634 594 3731 Quod,
611 3648 654 3709 ut
667 3655 739 3733 ego
754 3656 884 3728 capere
902 3636 1057 3729 polium,
1076 3643 1120 3715 de
1135 3644 1197 3736 Ju-

134 3733 220 3806 deis
241 3733 274 3806 &
290 3729 468 3805 Gentibus
486 3735 591 3827 dicit,
605 3738 768 3828 utrisque
782 3735 942 3810 nondum
956 3741 1198 3821 credentibus.
1326 3797 1337 3841 j

133 3829 261 3907 Potest
287 3833 380 3905 enim
405 3828 506 3927 fieri,
530 3848 571 3906 ut
598 3837 658 3910 vel
684 3857 728 3910 eu
750 3836 828 3929 hio,
856 3838 971 3926 quiin
995 3842 1072 3936 lege
1093 3840 1197 3940 sunt,

126 3931 240 4028 siquis
256 3929 480 4029 persuasione
500 3931 645 4030 quidem
659 3938 843 4018 communi
861 3934 1002 4015 Christo
1022 3960 1194 4118 uoo‘cre·

483 4093 488 4100 .
977 4059 982 4074 ·
1111 4058 1165 4139 tt,
1316 4113 1327 4121 ..
