2825 4559
223 319 287 400 tu
311 270 486 436 nuiss.
514 303 591 393 no
618 311 852 396 nonunt.
877 313 982 396 trs.
1009 311 1085 395 ιν.
1128 289 1208 414 :157

141 487 222 585 qued
235 477 348 578 ex'lege
363 486 402 580 est
418 501 564 570 tantum,
577 482 641 570 -fed
656 482 695 556 ὅ
710 487 756 568 et',
783 479 863 580 quos
881 506 920 552 ex
931 483 993 574 fide
1010 479 1066 578 est,
1093 482 1209 579 legem

141 584 338 680 hic‹‘(srcut
354 584 442 677 saepe
455 587 525 675 J'am
540 583 715 677 diximus)
740 583 898 658 indicare
924 581 1139 677 naturalem,
1174 581 1210 655 dt
1317 589 1319 596 '

140 687 216 759 hoc
233 682 402 777 asserere,
424 685 528 772 quod
547 704 620 755 non
636 684 708 768 his,
737 682 797 773 qui
824 705 867 756 ex
883 683 963 778 lege
978 685 1130 757 naturali
1153 681 1208 756 so·
1316 762 1323 786 Ι

140 785 406 873 lum-veniunt,
433 781 589 857 firmasit
605 782 807 875 promissio,
833 780 893 855 sed
920 783 952 853 δι
978 783 1053 874 his,
1081 785 1208 874 qdiiex
1306 875 1308 882 Ι

139 882 213 958 fide
230 885 297 981 iegi
316 884 515 956 addiderint
530 884 683 956 naturali
701 904 778 955 earn
794 878 926 975 fidem,
953 901 1056 973 quam
1083 881 1209 955 habuit

109 985 112 992 '
140 985 322 1056 Abraham
339 981 597 1074 paternoster:
625 994 764 1054 utnon
787 981 879 1055 duos
894 983 1070 1076 populos,
1096 1003 1209 1059 unum

141 1103 188 1157 ex
206 1081 297 1173 fide,
315 1082 347 1153 δι
363 1082 467 1156 alium
482 1103 525 1155 ex
540 1085 619 1176 lege
635 1082 796 1156 indicare
811 1082 994 1173 videatur,
1021 1080 1079 1155 sed
1098 1101 1208 1156 unrrm

141 1196 250 1273 atque
272 1181 455 1275 eumdem,
483 1183 542 1273 qui
557 1201 632 1255 non
647 1179 760 1255 solum
780 1197 825 1253 ex
843 1183 922 1279 iege
938 1183 1111 1271 naturali,
1139 1203 1209 1272 qua

139 1301 268 1355 omnes
287 1282 639 1372 hominesutuntur,
666 1279 724 1353 sed
739 1277 893 1372 enfide,
912 1281 1012 1373 cujus
1027 1280 1208 1355 Abraham

140 1380 265 1454 auttor
292 1381 445 1471 exstitit,
469 1371 613 1473 placeat
640 1380 742 1455 Deo:
769 1401 841 1472 quo
867 1379 1002 1456 scilicet
1028 1379 1206 1473 ostendat,
1307 1373 1312 1382 '

129 1480 262 1574 quod,
289 1481 405 1571 siquis
425 1482 552 1553 habeat
566 1482 706 1575 integra
728 1485 868 1569 omnis,
896 1503 976 1572 que*
994 1484 1053 1552 lex
1072 1484 1207 1554 edocet

141 1583 334 1660 naturalis,
362 1581 393 1651 dr
411 1582 446 1651 in
464 1582 567 1652 uuiio
583 1602 662 1653 eum
686 1582 826 1675 peccati
846 1581 1067 1654 conscientia
1086 1599 1208 1671 repre·

140 1681 293 1769 hender,
322 1694 537 1752 nontamen
561 1681 690 1752 habeat
710 1682 816 1752 etiam
833 1676 919 1753 fidei
936 1683 1102 1776 gratiam,
1129 1699 1206 1752 non
1320 1706 1322 1711 ’

102 1859 108 1867 ,
141 1778 240 1873 posse
257 1802 337 1868 eum
352 1777 543 1871 justificari.
571 1775 675 1851 Fides
694 1782 787 1852 enim
805 1778 869 1869 est,
890 1801 966 1870 que
982 1781 1024 1852 ad
1037 1779 1207 1871 justitiam

141 1894 339 1970 reputatur.
394 1878 440 1950 Et
465 1881 538 1952 hoc
555 1880 669 1952 modo
691 1881 812 1951 habitu
828 1879 1005 1952 distinctio
1023 1880 1141 1953 reddit
1154 1881 1207 1950 in·

139 1981 373 2075 teiiigentiam
392 1982 609 2072 planiorem:
636 1996 743 2069 atque
764 1999 825 2070 ea,
852 1999 928 2069 qtrae
948 1980 1129 2052 contraria
1145 2000 1209 2070 pu·

140 2093 285 2170 tantur,
306 2077 465 2151 consona
480 2078 550 2151 eise
570 2078 678 2151 &sibi
694 2075 852 2152 inuicem
871 2075 1132 2152 concordantia
1148 2080 1209 2148 de·

139 2179 424 2271 prehenduntur.
459 2177 517 2250 De
533 2176 739 2251 diversitate
755 2191 874 2253 autem
890 2180 1031 2274 legum,
1059 2177 1156 2267 quod
1170 2179 1208 2250 in
1293 2202 1297 2212 ’

139 2280 207 2352 hac
224 2280 401 2371 precipue
419 2275 577 2369 Epistola
597 2277 686 2369 saepe
702 2276 902 2370 Apostolus
926 2282 1030 2351 etiam
1052 2278 1209 2350 latenter

142 2375 320 2451 &subito
350 2382 393 2450 ab
420 2380 485 2448 aiia
513 2376 555 2448 ad
583 2380 682 2449 eiiam
709 2380 824 2474 legem
848 2376 1022 2451 sermonis
1044 2377 1210 2449 ordinem

139 2490 278 2568 mutet,
306 2477 514 2567 frequenter
531 2477 770 2570 ostendimus,
797 2479 830 2548 dr
854 2479 977 2551 eadem
1003 2479 1134 2550 iterare
1156 2474 1211 2547 su·

142 2574 318 2670 perfluum
340 2577 400 2651 est.
451 2576 551 2649 Bene
577 2591 694 2649 autem
724 2576 768 2648 de
794 2577 972 2650 Abraham
1001 2597 1077 2651 non
1101 2575 1210 2649 dixit:

142 2676 247 2749 Pater
265 2679 448 2762 omniumr
477 2673 535 2747 sed
552 2676 622 2746 ait:
650 2680 743 2746 Pater
760 2680 901 2746 omnium
918 2676 1074 2771 nostrum.-
1093 2676 1133 2774 jd
1146 2673 1212 2766 est,

143 2797 221 2849 non
245 2779 302 2867 qui
329 2798 375 2850 ex
399 2779 478 2870 lege
499 2773 764 2866 descendimus,
791 2774 849 2848 sed
865 2777 922 2867 qui
941 2798 986 2847 ex
1007 2774 1077 2849 fide
1098 2777 1250 2869 alege.

142 2877 374 2953 succedimus.
427 2875 474 2947 Et
490 2876 570 2965 quia
586 2878 768 2967 omnium,
796 2877 854 2965 qui
882 2877 1084 2968 hujusmodi
1111 2876 1212 2965 sunt,

142 2990 248 3072 pater
267 2971 339 3068 est,
366 2977 497 3049 merito
520 2971 756 3064 promisionis
778 2975 909 3048 divinae
938 2975 1148 3048 sententiam
1174 2976 1212 3045 in

146 3075 448 3165 consequentibus
464 3071 583 3167 posuit
599 3075 741 3147 dicens:
771 3074 861 3149 Sicut
876 3077 1024 3171 seriptum
1039 3077 1096 3166 ed:
1124 3077 1213 3167 Quia

143 3194 268 3271 patrem
291 3178 464 3245 multarum
482 3181 627 3267 gentium
644 3177 730 3267 posui
753 3193 799 3257 te,
827 3197 903 3245 unte
923 3201 991 3246 eum
1012 3181 1064 3244 cui
1080 3176 1213 3245 credidit

151 3280 266 3349 Deum.
317 3277 352 3348 Si
369 3298 457 3367 erpo
481 3289 581 3365 pater
597 3272 739 3345 futurus
759 3272 829 3346 eise
846 3277 1068 3368 promittitur
1088 3273 1213 3348 multa-

145 3375 421 3471 tangentium,
450 3395 526 3448 non
540 3376 722 3446 immerito
742 3389 843 3465 pater
860 3375 893 3447 dt
908 3395 1057 3467 eorum,
1085 3376 1144 3463 qui
1168 3390 1215 3443 ex

147 3474 346 3563 Gentibus,
374 3476 573 3563 deorum,
601 3475 728 3564 quiex
753 3473 1023 3548 circumcisione
1044 3475 1214 3559 veniunt,

146 3578 366 3651 nominatur.
422 3573 468 3644 Et
491 3571 587 3645 reste
611 3574 744 3644 addidit
758 3589 813 3644 'ex
835 3571 892 3646 sua
913 3574 1216 3664 interpretatione

149 3672 369 3766 Apostolus:
399 3677 484 3745 Ante
501 3697 568 3741 eum
585 3680 634 3741 cui
651 3678 783 3743 credidit
801 3679 923 3744 Deum:
949 3678 1022 3747 hoc
1040 3672 1103 3762 est,
1116 3687 1216 3764 pater

150 3773 286 3868 pesitus
304 3775 354 3848 est
370 3778 558 3848 muitarum
576 3778 735 3866 gentium
761 3789 844 3847 onte
860 3767 972 3866 ipsum
994 3773 1132 3861 Deum,
1156 3770 1217 3842 cui

151 3869 323 3964 credidit,
352 3877 451 3965 cujirs
469 3871 736 3961 promiffiones,
766 3871 799 3946 dr
817 3893 837 3945 a
854 3888 926 3963 quo
944 3871 1159 3968 fignaculum
1176 3867 1217 3941 fi-

153 3976 214 4046 dei
238 3975 276 4046 in
303 3971 575 4047 circumcisione
599 3965 759 4070 suscepit.
805 3971 1017 4069 Quomodo
1041 3987 1129 4064 ergo
1154 3968 1219 4039 cir·
1275 3885 1323 4068 Ι

208 4073 355 4168 Onkmir
378 4071 460 4147 Tam.
474 4074 561 4148 XV.
828 4072 877 4149 M
1089 4087 1194 4141 tum·

1312 4219 1323 4290 i
