2825 4559
128 283 138 296 “
170 325 175 337 ·
227 243 486 394 tnerrsr.
515 243 1086 412 insonantem-111.
1142 332 1210 416 ῳ

144 482 193 554 ris
211 479 369 575 agnitio,
394 475 650 569 numquidnam
662 475 850 572 videretur
865 474 1050 552 tibi-eausa
1065 480 1213 576 langue

130 584 194 654 „ris
221 578 290 653 eise
313 578 510 664 medicina,
544 578 625 670 quia
644 596 709 670 per
727 576 833 670 ipsam
856 581 1005 669 qualitas
1028 575 1212 674 languoris

147 676 379 780 ignoscituri
403 678 474 750 Sed
490 677 579 751 srcut
593 675 734 764 constat
751 679 882 752 bonam
897 677 1213 774 elsemedicinsm,
1300 717 1303 722 ·

146 800 226 874 quae
242 777 458 875 agritudinis
472 777 746 872 intelligentiam
764 775 925 871 praestut,
954 785 1022 873 'qua
1041 779 1145 872 possit
1162 781 1214 854 vi·

146 884 213 954 tari
231 877 508 966 infirmitamita
527 877 560 949 dr
577 878 636 950 lex
655 878 752 950 bona
771 875 843 970 est,
869 897 933 970 per
958 901 1062 970 quarn
1088 882 1215 972 depre-

145 976 314 1056 henditur
334 978 367 1049 dt
387 973 588 1073 agnoscitur
606 989 807 1069 peccatum.
857 977 990 1050 Servat
1007 995 1144 1068 autern,
1171 993 1215 1054 ut
1286 1039 1288 1058 2

145 1094 262 1178 puto,
288 1074 496 1175 hujusmodi
514 1073 694 1171 expofitio
713 1078 820 1151 etiarn
837 1077 930 1150 illius
948 1077 1213 1172 explanationis

149 1179 462 1273 consequentiam,
496 1196 600 1268 quarn
622 1175 723 1272 supra
743 1177 916 1251 edidimus
940 1178 985 1250 de
1010 1201 1080 1274 eo,
1114 1182 1214 1271 quod

146 1277 400 1376 scriptumest:
436 1279 566 1368 Cursori
581 1282 667 1348 enim
677 1283 790 1367 jomus
810 1279 939 1375 Judaeor
957 1278 996 1354 (5
1012 1284 1133 1362 Grucos
1150 1305 1215 1352 oos-
1270 1342 1272 1346 .

147 1407 205 1454 urs
219 1379 273 1470 fui
286 1395 408 1477 peccato
422 1371 496 1470 effe,
517 1377 598 1472 ficut
617 1381 773 1474 scripturn
793 1380 851 1476 epi:
876 1382 966 1474 Quia
980 1402 1044 1451 non
1060 1381 1100 1477 esi
1108 1380 1214 1480 jugies

150 1489 337 1582 quisquam:
361 1503 428 1548 non
444 1478 484 1575 ess
498 1477 697 1572 intelligens,
724 1499 790 1549 non
802 1479 842 1577 esi
856 1486 1022 1578 requirens
1037 1487 1152 1556 Deum.

225 1605 260 1676 7.
288 1584 391 1653 Nunc
414 1596 521 1649 autem
543 1578 609 1673 fior
630 1579 692 1671 lege
710 1580 839 1677 justitio
858 1585 922 1651 Dei
941 1582 1144 1679 manifestato
1161 1576 1214 1678 pfl,

149 1683 311 1780 testificato
324 1689 350 1751 'o
365 1684 426 1773 lege
440 1679 479 1756 U
499 1681 673 1776 Prophetis.
691 1679 833 1776 Jussitio
851 1697 957 1753 outtm
977 1687 1041 1754 Dei
1054 1703 1110 1779 per
1117 1684 1215 1775 fidem

119 1805 123 1812 ·
152 1784 234 1880 Jesu
250 1780 374 1879 cirilli
392 1786 427 1850 in
441 1801 545 1851 omnes
558 1780 597 1854 ss
612 1781 706 1877 super
719 1803 843 1869 omnes,
866 1786 923 1879 qai
938 1787 1069 1857 credunt
1082 1786 1119 1852 in
1134 1805 1215 1860 eum.

149 1889 230 1959 Non
246 1889 330 1953 enim
348 1875 568 1977 esldiliiniiio.
597 1888 709 1950 Omnes
725 1887 809 1957 enim
821 1901 1048 1978 peccaverunt,
1072 1881 1111 1959 (7
1128 1897 1217 1978 egent
1284 1899 1287 1908 '
1318 1923 1319 1930 ,

145 1987 245 2081 glorio
269 1987 344 2075 Dei,
359 1975 522 2076 justificati
537 1986 639 2073 graiis
653 2001 710 2077 per
723 1988 863 2075 gratiana
878 1984 987 2079 ipfius,
1012 2003 1069 2080 per
1083 1991 1217 2078 redemp-

147 2094 286 2170 tionem,
314 2105 381 2179 quae
397 2084 435 2179 efl
452 2082 629 2177 iuclrriflo
647 2083 738 2179 Jesu.
797 2079 908 2182 Quod
926 2083 1157 2158 adstruximus
1178 2087 1218 2158 in

147 2183 415 2282 superioribus,
443 2181 628 2274 dicentes,
654 2202 731 2255 non
759 2178 805 2255 de
828 2185 908 2279 lege
929 2179 1050 2277 Moysi
1071 2184 1217 2278 dissum,

144 2279 243 2379 ‘Quia
259 2305 453 2382 quorumque
465 2285 517 2353 lex
530 2283 682 2380 loquitur,
700 2284 754 2355 iris
771 2289 880 2381 quiin
897 2281 958 2377 iege
969 2287 1047 2373 sunt
1064 2291 1219 2384 loquitur,

140 2387 293 2481 putabit
311 2386 435 2475 aliquis
455 2403 531 2455 non
551 2397 622 2456 tarn
644 2403 757 2475 vere,
785 2401 888 2474 quam
914 2383 1096 2482 violenter
1119 2385 1221 2460 alser-

148 2498 248 2570 turn,
281 2488 362 2557 cnm
387 2482 509 2555 uideat
527 2500 625 2555 nunc
643 2501 779 2558 nomen
797 2481 883 2579 legis
909 2503 986 2558 non
1006 2488 1049 2557 ad
1068 2500 1220 2578 naturas,

150 2581 210 2661 sed
229 2584 270 2656 ad
289 2582 410 2676 Moysi
430 2584 547 2676 legem
563 2576 707 2655 refersit
741 2579 775 2655 dt
800 2581 918 2677 dicet,
947 2585 1045 2676 quod
1064 2589 1110 2658 «in
1135 2605 1235 2681 prae·-·

151 2687 241 2760 senti
258 2685 346 2756 loeo
368 2681 502 2777 justitia
520 2679 588 2754 Dei
607 2684 870 2774 pronuncietur
890 2686 934 2756 ab
950 2682 1134 2776 Apostolo
1152 2701 1223 2758 rna·

152 2783 309 2861 siscitari
336 2802 401 2876 per
426 2785 563 2879 legent,
590 2779 715 2856 &non
734 2781 845 2856 solum
861 2803 924 2878 per
939 2783 1075 2878 legem,
1104 2783 1161 2858 sed
1177 2782 1223 2858 dt

150 2903 216 2982 per
230 2883 441 2977 Prophetas,
453 2896 493 2953 ut
511 2880 582 2956 srne
601 2883 673 2956 ulia
690 2883 920 2978 ambiguitate
942 2883 988 2957 de
1003 2884 1084 2978 lege
1099 2884 1224 2977 Moysi

150 2985 397 3080 intelligantur
414 2983 504 3055 ditia
519 2976 682 3073 eisegnae
703 2977 831 3076 scripta
849 2977 948 3057 sonte
976 3005 1020 3057 ex
1050 3004 1117 3077 qua
1143 2989 1224 3081 iege

150 3084 283 3180 justitia
304 3082 372 3155 Dei
391 3101 456 3176 per
472 3075 579 3156 fidem
601 3077 727 3156 Christi
739 3080 819 3179 Jesu
833 3083 1079 3159 manifestetur
1096 3089 1131 3157 in
1149 3105 1226 3159 om·

152 3203 243 3276 nes,
268 3181 522 3275 quorsumn,
550 3181 624 3256 siue
641 3198 686 3256 ex
702 3181 853 3277 Judaeis,
880 3182 956 3258 srve‘
978 3202 1022 3255 ex
1045 3180 1225 3258 Gentibus

152 3287 364 3374 venientes,
393 3284 451 3373 qtti
477 3293 596 3357 tamen
622 3297 698 3355 non
717 3285 949 3377 exoperibus
971 3277 1227 3374 justificentur,

153 3379 214 3459 sed
239 3401 284 3456 ex
302 3381 413 3480 gratia
433 3383 524 3473 Dei,
557 3379 790 3474 redemptore
818 3383 868 3457 eis
893 3379 1026 3456 effecto
1048 3379 1125 3476 ipso
1147 3378 1229 3480 Jesu

155 3479 310 3558 Christo.
358 3481 445 3554 iiaee
466 3475 608 3574 quidem
630 3479 729 3555 dicer
747 3483 798 3576 is,
827 3479 885 3576 qul
902 3478 1038 3556 sensum
1058 3482 1229 3577 Apostoli

153 3582 193 3658 in
214 3585 291 3673 iiis,
318 3596 394 3676 qoae
413 3576 514 3675 supra
530 3574 782 3675 exposuimus,
808 3581 993 3655 violenter
1010 3605 1028 3652 a
1047 3583 1152 3659 nobis
1171 3603 1229 3657 ao·

156 3676 491 3757 cusabitinllerorn.
519 3677 588 3754 Sed
607 3680 692 3754 illud
713 3677 786 3775 est,
813 3680 912 3775 qood
928 3676 1133 3758 constanter
1149 3674 1231 3778 pos-
1266 3771 1267 3782 Ν

159 3778 277 3858 sumus
297 3775 487 3855 affirmare:
516 3782 597 3874 quia
618 3775 709 3854 siout
726 3798 795 3855 nos
816 3783 876 3875 qui
894 3782 969 3856 hoec
989 3778 1145 3858 asserunt
1165 3801 1232 3880 pu·

159 3895 242 3957 tant
258 3881 294 3957 in
311 3883 385 3954 hoc
404 3881 567 3957 sermone
584 3875 776 3976 Apostoli,
804 3901 911 3976 quem
930 3902 1028 3956 nunc
1044 3881 1235 3980 proposui·

158 4001 263 4080 mus,
288 3981 379 4058 nihil
393 3983 558 4060 invente
574 3979 698 4162 polii,
725 3999 800 4078 quo
820 3979 1043 4063 adstruamus
1058 3986 1144 4065 lite
1160 3995 1268 4162 effi
