2825 4559
145 333 148 341 ·
201 275 267 411 in
290 258 824 395 rrrs'rsnnnomnm
849 274 952 393 tra.
977 311 1075 393 νη.
1126 337 1194 411 arr
1300 421 1302 426 ,

127 484 207 574 aliia
222 479 490 578 predicaverit,
507 476 581 570 ipse
597 479 775 570 reprobus
793 475 988 569 efficiatur,
1015 498 1196 553 macerare

131 579 409 675 curputsuum,
436 580 470 652 dt
495 576 669 669 subjicere
688 576 865 651 servituti·
912 580 1044 652 Adhuc
1069 577 1196 651 adver·

128 684 205 758 sum
230 701 319 770 eoa,
346 681 406 771 qui
425 679 530 751 nobis
546 674 750 769 huiuamodi
768 676 980 767 questiones
995 679 1194 773 objiciunt,

129 785 238 857 etiam
255 783 330 853 haec
350 775 531 873 portunus
548 776 687 850 dicere:
720 775 758 848 si
775 796 866 868 quos
885 777 1084 870 prescivit,
1109 778 1193 852 illoa

130 883 166 956 dr
190 878 473 975 predestinavit;
507 896 584 951 non
611 891 730 950 autem
755 896 882 950 omuea
909 876 1193 970 predestinavit3

129 999 218 1076 ergo
242 997 320 1052 non
343 997 470 1050 ornnes
495 974 692 1069 prescivit:
726 974 760 1045 dr
786 977 977 1050 secundum
1002 991 1195 1051 coierunt

132 1084 343 1170 aliquaquae
360 1080 505 1172 ignoret
518 1077 631 1150 Deua.
663 1074 699 1147 Si
717 1095 810 1148 vcro
827 1076 1049 1169 praenoscere
1070 1076 1196 1148 secun·
1237 1105 1241 1116 ·

130 1181 216 1255 dum
235 1177 308 1251 hoc
324 1178 542 1269 accipiatur,
569 1173 796 1268 quodsupra
822 1176 994 1265 diximus,
1021 1177 1095 1248 hoc
1122 1175 1194 1267 est,

98 1295 101 1299 “
129 1283 169 1354 in
187 1274 351 1350 affectum
368 1279 530 1369 recipere
550 1274 683 1364 iibique
697 1271 855 1361 sociare,
881 1297 1006 1349 verum
1024 1276 1106 1365 erit,
1114 1276 1197 1365 quia

128 1379 220 1456 ficut
234 1397 310 1450 non
327 1395 454 1450 ornnes
470 1371 748 1467 predestinavit,
764 1375 815 1446 ita
831 1397 949 1467 neque
968 1395 1093 1447 omnes
1110 1389 1198 1465 prar-

130 1479 319 1574 cognovit.
371 1476 429 1547 Sic
445 1474 540 1547 enim
555 1472 589 1543 dr
603 1472 702 1566 jesua
730 1472 860 1546 dicitur
883 1471 1198 1568 noncognoviile

130 1587 332 1672 peccatum.
374 1573 640 1664 Numquidnam
656 1574 836 1666 dicemus,
863 1577 944 1665 quia
961 1572 1124 1646 nescierit
1137 1572 1199 1665 Je-

131 1676 189 1750 sus
211 1676 296 1767 quid
318 1670 405 1746 eilct
426 1685 635 1764 peccatum,
661 1672 735 1744 lioc
751 1671 824 1767 est,
852 1677 932 1765 quia
948 1672 1115 1745 nescierit
1131 1674 1199 1746 ho·

134 1774 314 1851 tuicidium
332 1786 520 1865 peccatum
539 1767 622 1861 elle,
645 1774 704 1845 vel
721 1772 948 1865 adulterium,
967 1775 1027 1845 vel
1044 1772 1196 1863 furtum,

133 1875 170 1948 dr
190 1875 243 1948 his
257 1869 405 1946 similia?
432 1874 493 1943 An
507 1872 581 1946 huc
597 1867 669 1961 est,
697 1873 798 1961 quod
816 1871 949 1945 dicitur
962 1870 1095 1944 nescire
1114 1893 1200 1963 pec·

135 1988 275 2064 catum,
303 1973 383 2061 quia
406 1983 561 2065 peccato
585 1966 621 2044 se
639 1990 716 2043 nort
734 1970 893 2067 miscuit,
921 1993 1039 2061 neque
1059 1970 1200 2044 adliaesrt

135 2076 169 2150 ei
181 2071 394 2167 peccatum?
419 2070 477 2142 Sic
492 2069 525 2142 dr
540 2069 620 2141 alibi
637 2065 804 2161 scriptum
821 2071 888 2144 est:
917 2073 1202 2164 Quiservarman·

135 2178 266 2257 darum,
291 2195 356 2241 mun
372 2171 524 2264 cogn'oscet
541 2172 658 2239 malum
672 2167 824 2258 verbum,
852 2171 925 2243 hoe
947 2172 1018 2261 est,
1045 2192 1122 2244 non
1145 2191 1203 2246 re·

136 2276 245 2368 cipiet
267 2274 417 2345 verbum
436 2270 590 2361 malum,
615 2271 693 2342 n'on
711 2271 854 2360 credet,
881 2293 957 2343 non
973 2271 1128 2356 libenter
1146 2290 1205 2346 aue

136 2376 235 2460 diet,
266 2390 382 2461 neque
398 2370 563 2445 admittet
580 2369 716 2461 ingredi
731 2383 889 2442 ruentem
908 2367 1011 2443 suam.
1046 2376 1134 2463 Quos
1152 2391 1205 2442 er·

138 2494 186 2568 go
214 2470 405 2548 secundum
431 2470 527 2541 hunc
548 2469 696 2541 modum
721 2469 881 2563 prascivir
908 2469 1028 2563 Deus,
1062 2474 1131 2540 ilios
1162 2470 1204 2546 σ

91 2626 93 2630 -
132 2573 389 2669 pradestinavit.-
417 2570 455 2643 ὅ
472 2592 545 2661 quos
560 2568 817 2663 pradestinavit,
843 2569 913 2640 iiius
930 2570 968 2643 (7
983 2577 1132 2655 vocavit,
1159 2588 1203 2643 ea

138 2670 345 2745 vocationis
364 2667 606 2757 distinctione,
633 2687 702 2757 qut
720 2669 891 2742 diximus:
917 2670 956 2746 (5
973 2677 1205 2768 quisvocavir,
1263 2661 1270 2670 “
1307 2679 1309 2684 ·

139 2774 209 2842 illas
224 2771 262 2848 (ὅ
274 2770 485 2866 justificavit:
511 2764 549 2841 (5
573 2792 649 2862 quos
665 2769 874 2865 justificavit,
902 2772 972 2840 illus
997 2771 1035 2845 Θ
1054 2772 1207 2863 glorifica.

106 2953 109 2958 ,
137 2867 204 2946 uir.
239 2869 296 2943 De
311 2864 577 2964 glorificatione
595 2864 776 2958 possumus
794 2869 827 2940 dr
845 2871 880 2942 in
899 2871 1059 2963 presenti
1077 2869 1206 2943 saecnlo

140 2970 334 3046 secundum
365 2968 454 3044 illud
488 2967 710 3060 intelligere,
747 2969 845 3059 quod
872 2970 960 3043 dicit
986 2969 1206 3063 Apostolusr

143 3075 212 3146 Nn
234 3087 340 3142 auiam
358 3093 466 3152 pmner
493 3068 634 3138 revelata
645 3067 735 3155 facie
747 3070 880 3160 gloriam
903 3076 1034 3141 Domini
1045 3060 1210 3166 speculari}

145 3187 215 3257 tes,
241 3171 349 3242 ‘eadem
373 3174 509 3261 imagine
534 3166 804 3255 transformamur
828 3195 848 3239 a
869 3172 970 3261 gioria
998 3174 1034 3237 iu
1056 3174 1208 3261 giarium,

145 3289 342 3364 tamquama
374 3273 504 3338 Domini
528 3271 669 3362 Spiritu.
722 3266 782 3341 Est
796 3286 883 3363 ergo
913 3267 957 3358 &l
974 3269 1049 3341 bruc
1075 3272 1211 3364 gloria,

145 3390 250 3462 quam
281 3363 458 3459 justificati
484 3369 616 3457 quique
640 3368 859 3459 inpraesenti
889 3367 965 3439 dita
987 3372 1211 3461 percipiunt:
1294 3421 1296 3426 -

146 3469 199 3544 est
216 3469 342 3555 trina,
370 3487 447 3556 que
465 3459 623 3556 speratur
639 3466 676 3539 in
694 3463 844 3558 futuro,
870 3485 950 3540 curn
979 3489 1120 3560 corpurw
1139 3472 1213 3544 hoc

145 3568 355 3644 humilitatis
369 3564 520 3654 nostre,
550 3570 648 3658 quod
659 3568 843 3654 seminatur
858 3574 895 3636 in
912 3571 1118 3654 contumelia,
1141 3572 1215 3658 lar·-

145 3686 197 3763 gci
213 3669 384 3762 ingloria:
412 3667 446 3737 ἃ
468 3685 568 3750 cum,
589 3665 672 3759 ficut
698 3669 765 3738 iiiia
790 3668 829 3763 est
849 3670 950 3759 gioria
970 3668 1065 3758 soils,
1092 3670 1130 3745 (5
1149 3671 1217 3741 alia

144 3771 245 3866 glacia
267 3772 370 3849 iuna,
397 3765 436 3841 (Ἰ
453 3766 518 3836 aliu
530 3769 632 3859 gioria
645 3763 825 3861 stellarum,
851 3770 889 3843 dr
904 3769 983 3861 βαι(
993 3770 1084 3865 stella
1097 3800 1116 3843 a
1125 3771 1217 3868 steila

147 3867 255 3965 diffirr
273 3870 444 3964 ingloria,
470 3870 520 3937 ita
538 3870 601 3939 erit
614 3865 654 3943 d
670 3865 857 3959 resurretiio
875 3882 1077 3943 mortuorum.
1293 3879 1295 3884 '

204 4067 353 4181 oriminis
369 4062 460 4146 rm
474 4063 564 4149 XV·
733 4131 745 4140 ..
812 4058 856 4150 ‘2
1056 4061 1204 4168 mQ'm
