2825 4559
263 329 325 418 IN
350 326 523 406 EPIST.
549 328 635 406 'AD
657 327 1016 453 nossemus.
1042 329 1143 409 VIII.
1194 352 1268 454 ⁴³?
1331 339 1334 348 '

202 494 297 587 q‘uafi
317 495 432 569 minus
453 491 533 594 ipse¹
551 489 724 568 sufficiens
748 491 899 568 consilio
915 493 1093 591 indigeret
1108 493 1267 575 alterius,

199 595 260 670 sed
278 593 412 668 consrlii
430 593 639 686 participem
657 595 793 667 nullum
813 595 954 686 quidem
972 596 1266 687 supercreatum

200 692 270 768 elIe
292 696 515 785 pronunciat.
568 690 761 766 Consilium
787 713 878 767 vero
900 691 1048 788 sapienti
1067 691 1266 766 necessario

199 795 239 872 in
254 791 420 886 sapientia
441 789 498 868 sua
517 789 587 882 est,
614 795 672 883 qui
690 790 936 879 estChrillus,
962 792 1049 866 &in
1067 790 1266 885 sanstitate,

201 887 261 985 qul
287 890 336 965 est
361 892 510 984 Spiritus
536 887 682 965 sandius.
734 882 849 980 Simili
862 907 980 967 autem
994 889 1266 985 modo&Quis
1336 936 1340 941 .

145 1004 160 1086 δ’
194 993 285 1091 prior
300 993 384 1061 darn
402 996 448 1075 εἰ,
475 991 513 1067 (5
530 992 723 1062 retribuetur
739 987 792 1063 ei.²
817 992 1087 1088 intelligendum
1101 991 1163 1067 est.
1188 991 1266 1064 Ne·

198 1113 262 1167 mo
284 1094 377 1168 enirn
400 1092 530 1180 aliquid
554 1089 681 1168 sasiori
711 1089 774 1164 suo
801 1094 900 1181 prior
924 1093 1099 1166 contulit:
1132 1089 1266 1186 qqupe

199 1193 402 1265 eumeniam
419 1191 492 1263 hoc
509 1191 642 1284 ipsum,
670 1191 768 1281 quod
784 1190 855 1281 est3
881 1194 1124 1281 unusquisque
1139 1213 1158 1263 a
1174 1210 1263 1263 con·
1283 1207 1285 1211 ·

198 1291 319 1364 dstote
336 1290 536 1383 susceperit.
570 1295 730 1384 Quoniam
745 1316 782 1361 ex
795 1292 856 1385 ipss
866 1339 876 1377 ,
903 1290 941 1367 m
957 1291 1143 1385 peripsum,
1170 1289 1209 1366 (5
1227 1294 1267 1359 in

197 1393 259 1488 ipso
268 1389 349 1479 sunt
364 1399 481 1465 omnia.
518 1391 654 1483 Vides,
682 1396 870 1480 quomodo
890 1392 926 1462 in
944 1391 1074 1463 ultimis
1095 1388 1266 1468 ostendit.

198 1491 297 1582 quod
315 1491 350 1561 in
370 1491 557 1584 omnibus,
585 1489 778 1582 quaesupra
794 1489 902 1570 dixit,
928 1490 1118 1584 signaverit
1135 1488 1266 1580 myste-

195 1592 288 1663 rium
308 1587 507 1662 Trinitatis.
561 1588 660 1662 Sicut
684 1590 837 1664 enimin
864 1587 1027 1682 presenti
1050 1590 1137 1664 loco
1164 1588 1264 1679 quod

199 1690 270 1778 ait,
303 1692 470 1782 Quoniam
489 1715 527 1759 ex
544 1694 624 1784 ipso,
651 1690 689 1765 (i
700 1711 758 1787 per
778 1691 897 1784 ipsum,
923 1688 962 1766 (5
977 1693 1014 1757 in
1031 1691 1091 1783 ipso
1104 1689 1184 1777 sunt
1202 1712 1265 1756 om·

198 1793 271 1876 nia,
298 1791 475 1862 conuenit
489 1791 556 1861 illis
574 1788 694 1880 distis,
723 1809 799 1880 que
816 1791 909 1863 idem
919 1786 1119 1880 Apostolus
1133 1790 1172 1860 -in
1186 1788 1263 1860 aliis

195 1904 374 1962 memorat
400 1889 511 1976 locis,
539 1910 618 1963 curn
639 1889 725 1962 dicit
739 1912 765 1961 ε.
784 1894 874 1960 Unus
894 1894 982 1960 Deus
1009 1890 1123 1977 Pater,
1150 1912 1188 1960 ex
1203 1910 1264 1987 quo

194 1989 387 2076 omnim-dt
406 2014 488 2084 unus
513 1994 670 2059 Dominus
686 1989 787 2081 noller
808 1990 903 2087 Jesus
923 1990 1083 2084 Christus,
1103 2010 1264 2086 perquem

197 2095 326 2159 omnia:
352 2089 488 2172 &item
506 2090 543 2161 in
566 2089 699 2181 Spiritu
719 2089 787 2161 Dei
805 2091 891 2161 dicit
907 2088 1059 2162 revelari
1079 2090 1212 2172 omnia,
1228 2086 1264 2159 dc

194 2208 260 2284 per
275 2189 350 2262 haec
367 2188 544 2284 designat,
569 2189 605 2261 in
627 2192 794 2262 omnibus
813 2188 882 2262 elle
901 2189 1165 2282 providentiam
1181 2186 1264 2260 Tri·
1318 2253 1323 2264 ,

183 2288 340 2366 nitatis:
365 2288 466 2360 ita&
486 2289 686 2381 condicit,
711 2291 857 2361 Altitudo
872 2293 1083 2375 diuitiarum,
1109 2287 1265 2371 Patrem,

182 2397 242 2462 ori
261 2407 334 2476 quo
353 2388 473 2460 omnia
492 2387 578 2459 dicit
593 2386 683 2477 else,
711 2388 902 2482 fignificat:
928 2388 962 2459 dt
983 2385 1170 2486 sapientie*
1186 2387 1265 2457 alti-

193 2486 377 2576 tudinem,
404 2484 606 2579 christun,
632 2488 692 2579 qui
711 2486 762 2560 est
779 2487 947 2581 sapientia
962 2487 1059 2580 ejus,
1086 2484 1263 2558 ostendit:

195 2586 231 2658 dt
246 2585 400 2670 scientim
417 2587 659 2674 altitudinem,
680 2585 855 2681 ¹Spiritum
874 2583 1049 2679 saniiurn,
1076 2587 1135 2676 qui
1155 2586 1264 2659 etiarn

195 2688 266 2760 alta
284 2687 356 2762 Dei
372 2687 500 2774 novit,
526 2685 693 2772 declarat.
747 2688 1008 2764 Verumtamen
1035 2684 1133 2776 quod
1155 2684 1262 2757 dicit:

196 2786 342 2882 Exipsm
369 2786 442 2861 hoc
459 2782 570 2876 ipsum
587 2786 685 2878 quod
701 2784 817 2864 sumus
831 2787 987 2873 indicam
1016 2788 1075 2858 Per
1091 2783 1188 2879 ipsum
1204 2802 1266 2858 au·

194 2899 290 2979 tero,
317 2887 416 2977 quod
436 2903 501 2978 per
517 2886 882 2979 ejusprovidentiam
906 2883 1140 2981 dispensamur
1155 2886 1191 2955 in
1208 2883 1264 2956 vi·

186 3001 252 3079 ta:
280 2987 321 3058 ln
341 2987 401 3082 ipso
418 3005 535 3079 vero,·
559 2984 660 3080 quod
685 2985 859 3082 perfeiiio
884 2986 1045 3062 omnium
1073 2986 1106 3058 dt
1126 2980 1205 3056 finis
1223 2982 1263 3055 in

194 3082 274 3176 ipso
298 3087 367 3157 erit
388 3100 497 3177 tunc,
523 3105 606 3161 curn
621 3087 689 3159 erit
704 3086 805 3159 Deus
823 3088 944 3160 omnia
959 3087 997 3160 in
1013 3084 1203 3161 omnibus:
1229 3080 1266 3154 dt

196 3198 285 3258 tunc
306 3185 361 3279 φή
381 3177 480 3278 gloria
505 3192 542 3255 in
559 3186 669 3274 facula
687 3188 884 3276 seculorum:
915 3189 1029 3259 Amen.
1084 3187 1123 3256 In
1141 3179 1263 3268 facula,

194 3297 348 3377 propter
363 3287 449 3374 hoc,
466 3287 564 3374 quod
580 3285 754 3378 perseslio
769 3263 931 3362 orts'nium
950 3305 1026 3360 non
1042 3286 1134 3356 intra
1152 3300 1265 3354 unum

192 3381 357 3461 saecrtlum
384 3386 632 3476 concluditur,
666 3386 790 3462 sedin
815 3381 1199 3479 mulpaprotenditur‚
1227 3377 1263 3452 u

191 3487 259 3558 vix
275 3483 465 3576 aliquando
484 3484 708 3578 adimplenda
725 3482 896 3579 speratur.
952 3484 1075 3581 Juogit
1091 3496 1207 3554 autern
1226 3480 1262 3552 dr

194 3588 317 3665 Amen,
344 3598 384 3655 ut
398 3584 637 3680 intelligamus
655 3586 689 3658 dt
708 3585 873 3661 illum'atl
889 3582 987 3672 istum
996 3579 1263 3658 ,beatitudinem

197 3683 438 3777 veniendum.
449 3683 494 3756 de
513 3701 589 3776 quo
607 3682 777 3782 scriptum
797 3684 848 3761 est
862 3687 901 3762 in
916 3679 1157 3783 Apocalypsrt
1187 3683 1262 3754 Har
1319 3713 1323 3718 ’

197 3788 275 3857 dicit
295 3789 352 3886 qui
366 3781 407 3885 rfl
425 3787 538 3859 Amen.
1282 3801 1292 3809 ·

701 4074 851 4182 tes,
1077 4065 1297 4155 'uus'
