2825 4559
180 359 253 436 on
339 265 631 418 onrounts
670 267 1103 416 conuentum*

108 573 111 578 ,
179 499 334 600 oflendunt
357 503 395 568 in
417 501 627 569 ceutronum
648 519 762 585 meam,
789 495 828 572 ὅ
847 512 884 567 ut
901 503 1116 571 annuncietur
1131 523 1249 574 nomen

179 627 280 676 meum
295 607 331 669 in
346 597 497 686 uniuerso
511 615 611 670 tona.
639 597 724 690 Ergo
736 602 789 667 cui
804 598 879 669 vult
895 599 1079 688 miseretur,
1100 598 1146 676 ,(7
1161 625 1252 696 quent

182 703 259 774 vult
276 699 421 774 indurat.
474 701 566 768 Dicis
580 703 688 794 itaque
704 699 803 768 arilei:
828 701 917 790 Quid
940 725 1010 794 crgo
1032 702 1131 774 adbuc
1154 705 1263 798 qucri-

182 795 268 877 tur?
300 799 476 871 Voluntati
490 803 576 868 enim
592 803 659 894 ejus
677 803 749 895 quis
767 795 905 896 rcfisiit3
956 801 1154 897 Legentem
1182 804 1263 874 haec

188 897 382 978 meminilie
400 901 570 971 attentius
588 900 768 970 convenit
785 899 1020 972 stmilitudinie
1034 903 1142 990 illius,
1155 919 1285 990 quam·

185 1003 225 1074 in
241 999 484 1094 superioribus
498 998 599 1070 tibris
615 997 661 1069 de
674 995 879 1090 Apostolici
897 997 1069 1072 sermonis
1089 997 1267 1092 dispensa·

188 1102 292 1174 tione
318 1095 525 1189 ponimur,
552 1094 650 1186 quod
673 1109 842 1186 tanquam
861 1099 898 1168 in
915 1100 1010 1193 regia
1029 1099 1177 1190 quadam
1195 1099 1265 1171 do·

187 1219 272 1290 mo,
300 1217 376 1288 que
392 1196 647 1286 multiplicibus
665 1194 706 1266 stt
724 1194 928 1289 ingreffibus
945 1199 1196 1291 egresrbueque
1212 1200 1265 1270 di·

187 1295 334 1384 stinna,
363 1297 412 1367 ex'
427 1314 501 1364 uno
526 1295 562 1364 in
582 1293 677 1365 aliud
697 1297 877 1368 conclave
902 1298 950 1367 ita
976 1296 1195 1387 transeatur,
1221 1312 1264 1369 ut

186 1401 251 1469 vix
276 1394 512 1489 ingredientis
538 1392 692 1482 indicia,
720 1409 781 1464 aut
803 1396 1016 1489 egredientis
1044 1413 1262 1489 appareant:

187 1499 238 1570 ita
260 1498 365 1568 etiam
388 1493 518 1567 Paulus
537 1493 743 1566 divinorum
760 1491 895 1566 secreta
914 1498 1094 1588 paululum
1117 1495 1263 1586 quidem

188 1596 418 1687 subaperiens
446 1593 628 1678 videatur,
663 1613 739 1664 non
772 1609 891 1665 tamen
925 1597 1029 1686 plane
1063 1610 1262 1688 aperteque

189 1697 362 1790 pandens.
416 1691 584 1784 Denique
601 1710 683 1764 cum
701 1693 863 1785 probis,
893 1714 969 1782 quae
987 1692 1145 1786 strperius
1161 1696 1262 1788 dixe·

188 1810 245 1868 rat
263 1796 306 1866 de
323 1795 415 1865 lsaac
431 1793 464 1861 bc
477 1794 617 1885 Jacob,
638 1792 736 1883 quod
754 1812 817 1883 per
833 1791 1048 1868 eleillonem
1066 1795 1098 1865 dt
1115 1815 1158 1867 ex
1175 1816 1262 1888 pro·

187 1895 308 1988 posito
327 1893 417 1978 Dei,
445 1907 635 1980 antequam
652 1892 783 1980 aliquid
799 1893 921 1984 operis
940 1896 1026 1966 boni
1041 1895 1172 1966 malive
1188 1893 1262 1989 ges·
1293 1951 1295 1958 .

156 2015 163 2042 ¹
187 1992 315 2078 sitient,
333 1991 432 2060 Deus
450 1990 579 2060 dixerit
594 1992 654 2061 vel
672 1990 717 2060 de
732 1991 817 2064 illo:
844 1993 895 2062 Ad
910 1992 966 2061 boc
982 2009 1100 2088 tempus
1115 2002 1259 2084 ueniam,

186 2093 227 2170 (5
244 2099 307 2163 trit
326 2095 413 2160 Scrae
424 2090 534 2176 filius:
559 2091 621 2160 vel
643 2089 686 2159 de
704 2088 798 2160 hoc:
828 2093 928 2184 Jacob
942 2092 1057 2180 dilexi,
1088 2092 1172 2181 Esou
1198 2120 1258 2165 au·

189 2211 252 2264 tem
270 2193 335 2261 odio
349 2189 466 2258 babuit
493 2208 574 2260 cum
592 2190 627 2260 in
647 2187 810 2278 praesenti
827 2191 986 2281 capitulo
1006 2193 1261 2269 introduxisset

190 2296 341 2382 aliquam
363 2287 549 2383 personam
576 2289 681 2360 velut
703 2289 1014 2363 contradicentem
1033 2291 1094 2365 fibi
1117 2292 1260 2384 &quat-

188 2393 342 2465 stionem
360 2404 594 2478 moventem,
621 2387 655 2458 δι
671 2388 828 2461 diceret:
856 2393 1025 2485 Numquid
1042 2399 1202 2488 iniquitas
1218 2395 1260 2492 est

188 2511 271 2587 apuu
302 2484 424 2560 licum?
450 2485 774 2580 respondiiietque:
800 2487 903 2580 Abfit,
931 2487 989 2563 sed
1015 2516 1080 2562 nun
1106 2493 1259 2581 volentis,

131 2651 140 2666 ,
188 2615 286 2688 neque
307 2596 486 2668 currentis,
509 2589 559 2674 [ed
576 2589 754 2672 miserentis
772 2591 839 2660 Dei
853 2589 912 2685 tfl:
941 2590 974 2662 &
993 2589 1017 2664 st
1034 2589 1255 2670 Pharaonem

97 2725 101 2732 ·
188 2707 383 2785 propterea
406 2688 535 2779 elegit,
562 2701 603 2756 ut
628 2691 664 2758 in
689 2683 767 2779 ipso
794 2690 994 2779 potentiam
1020 2688 1088 2763 suae
1111 2694 1258 2767 virtutis

190 2790 418 2862 ostenderet:
453 2787 485 2856 δι
511 2786 535 2857 st
560 2783 633 2876 ipso
657 2788 715 2857 cui
742 2791 823 2858 vult
848 2788 1053 2881 miseretur,
1089 2788 1123 2861 dt
1149 2812 1258 2881 quem

187 2893 270 2958 vult
289 2888 449 2956 irniurat:
474 2884 612 2972 utquid
632 2881 676 2955 de
690 2885 910 2977 hominibus,
926 2889 1051 2978 inquit,
1069 2891 1258 2979 queritur?

189 2988 221 3058 u
238 3006 301 3056 cur
317 2985 375 3070 qui
395 2996 522 3072 peccat
538 2984 724 3073 culpatur,
743 3005 823 3058 cum
837 3003 957 3059 tamen
973 2988 1016 3058 de
1032 3008 1259 3082 unoquoque

187 3085 293 3177 ipsius
315 3085 486 3154 voluntas
512 3080 714 3152 habeatur?
766 3083 853 3157 Haec
880 3106 966 3180 ergo
994 3087 1026 3157 ἃ
1053 3088 1106 3161 his
1133 3091 1257 3165 fimilia

188 3183 460 3271 commoventi,
487 3194 594 3270 atque
617 3183 652 3251 in
677 3177 783 3275 hujus
806 3182 840 3256 se
866 3184 1023 3275 mysterii
1050 3191 1257 3266 cubiculum

185 3286 393 3377 protervius
412 3281 698 3372 &importunius
716 3284 916 3376 ingerenti,
941 3305 1020 3358 cum
1037 3288 1256 3382 increpatio·

184 3405 231 3457 ne
247 3383 444 3478 digniffimae
462 3381 737 3453 exclamationis
751 3387 933 3474 occurrit,
957 3385 989 3456 &
1012 3386 1117 3459 dicit:
1147 3394 1174 3457 0
1199 3391 1255 3460 lu·

185 3479 258 3555 mo!
284 3503 320 3552 tu
340 3488 412 3578 quir
427 3506 477 3564 es,
504 3486 561 3575 qui
576 3495 688 3550 couttro
704 3482 879 3578 respondeas
903 3485 995 3561 Deo?
1030 3487 1137 3580 Quafi
1156 3489 1251 3562 dice.

183 3600 259 3654 rot:
285 3583 345 3653 'l'u
371 3582 447 3670 quis
471 3599 532 3668 es,
561 3581 619 3669 qui
640 3595 676 3651 te
692 3579 729 3652 in
749 3585 863 3656 aulam
879 3587 970 3678 regis
988 3585 1188 3682 immergis,
1216 3585 1251 3661 dc

181 3684 362 3754 interioris
378 3677 532 3751 cubiculi
551 3679 651 3748 ausus
670 3700 709 3752 es
729 3679 862 3753 secreta
878 3684 1095 3773 penetrare?
1140 3687 1249 3760 Idcir-

181 3802 227 3854 co
250 3786 356 3875 igltur
384 3779 415 3849 n
440 3799 509 3850 nos
534 3780 570 3849 in
587 3780 715 3850 talibus
732 3778 896 3873 suspenso
914 3785 1006 3873 pede
1025 3799 1191 3876 tanquam
1208 3791 1247 3862 in

178 3885 255 3952 aula
273 3882 366 3972 regia
383 3877 506 3969 positi,
534 3897 645 3970 panca
664 3875 842 3966 sermone,
853 3883 951 3972 plura
969 3865 1110 3956 silentio
1130 3900 1245 3961 trans·

173 4001 317 4075 camus,
339 3977 418 4075 ipso
440 3976 548 4054 nobis
570 3975 754 4075 Apostolo
777 3977 888 4054 Paulo
908 3982 1077 4080 magistro
1103 3984 1247 4066 &duce

1130 4085 1195 4159 bu·

120 4278 137 4349 i
