2825 4559
233 328 310 403 ιιι
376 293 701 398 'omannis
740 312 1144 445 comminuam

235 484 288 564 Et
298 483 440 559 videtur
454 481 548 557 idem
565 479 696 556 servari
712 478 826 555 sensus
843 483 949 556 etiam
965 482 1002 555 in
1017 502 1076 570 eo,
1089 483 1184 574 quod
1195 481 1296 578 Apo·
1324 511 1326 514 ·

238 586 352 663 stolus
370 580 507 680 posuit:
533 582 662 680 Noai'efi
675 583 864 675 intelligam,
878 605 942 651 uon
954 582 994 678 ιβ
1005 589 1166 680 requirens
1180 588 1292 662 Deum.

240 681 291 758 Et
305 682 404 777 quod
422 682 529 754 dixit:
555 685 634 754 uin
650 680 689 778 esd
697 682 801 779 jufiua
811 688 1125 782 quisqunmpputo,
1136 684 1234 774 quod
1249 703 1295 758 ex

243 806 291 861 eo
310 779 512 875 sumpserit,
538 781 634 874 quod
649 783 817 876 scriptum
833 779 901 854 est:
930 785 1006 855 Non
1033 782 1091 880 ui,
1116 781 1295 880 quisunt

243 884 432 967 bonitatem,
459 903 524 950 nau
540 879 683 980 estusque
701 884 742 952 ad
760 903 878 951 uuum:
910 882 946 952 in
967 901 1039 972 quo
1061 881 1166 955 etiam
1183 879 1207 954 s1
1227 880 1293 954 ser·

244 1003 307 1058 mo
327 982 494 1055 converti
510 980 667 1072 videtur,
679 979 795 1052 sensus
812 996 931 1062 tamen
947 1001 1037 1053 unus
1052 980 1215 1071 idemque
1233 980 1299 1054 ser·

246 1097 365 1156 vatur.
401 1076 513 1178 Quod
533 1080 683 1152 veroin
700 1078 998 1171 consequentibus
1018 1080 1163 1152 dicitur:
1190 1083 1298 1177 Sepul-

246 1184 480 1276 abrumperem
497 1178 538 1273 ‘fl
555 1192 810 1270 geilamerum,
833 1179 950 1270 linguis
966 1179 1030 1264 sais
1043 1181 1136 1267 dolose
1152 1182 1296 1274 agebant,

245 1283 285 1356 in
306 1281 434 1371 quinto
454 1273 589 1350 Psalmo
607 1279 778 1370 reperiei.
819 1274 902 1350 Post
921 1279 1010 1351 hoc:
1041 1279 1202 1352 Venenum
1222 1283 1301 1372 alpi·

243 1382 317 1451 dum
332 1380 391 1467 sul
408 1376 502 1447 labiis
517 1383 640 1465 urum,
674 1381 772 1468 quud
793 1375 827 1450 dt
849 1375 958 1470 ipsum
979 1397 1023 1450 ex
1042 1378 1194 1467 quodam
1212 1375 1301 1452 Psal-

246 1501 309 1555 mo
326 1476 555 1569 assumptum,
580 1477 793 1561 immutatis,
811 1474 971 1569 utsupra
991 1477 1159 1570 diximus,
1174 1477 1301 1552 sermo·

246 1580 375 1672 nibus,
401 1588 505 1669 puto.
532 1575 651 1674 Quod
669 1589 785 1648 autem
802 1574 974 1666 sequitur:
1001 1579 1146 1668 Quorum
1162 1601 1191 1647 ιι
1210 1581 1303 1648 male·

246 1676 385 1751 diiliona
401 1675 439 1751 d
455 1670 669 1748 amaritudine
681 1677 812 1771 plenum
826 1679 884 1769 eft,
911 1695 954 1746 ex
971 1695 1071 1748 nono
1089 1673 1225 1751 Psalmo
1248 1677 1301 1749 vi·

247 1778 352 1850 detur
367 1789 567 1866 acceptum.
614 1771 711 1846 Tum
729 1772 876 1846 deinde:
909 1773 1030 1846 Velim
1041 1776 1128 1870 pedes
1141 1799 1245 1847 earum
1260 1777 1301 1848 ad

246 1876 464 1968 effundendum
481 1871 684 1966 scamellum,
710 1874 769 1944 vel
790 1876 825 1946 in
842 1869 939 1945 Esaia
961 1874 1145 1966 invenies,
1172 1875 1233 1949 vel
1262 1877 1301 1949 in

248 1973 469 2048 Proverbiis.
520 1969 589 2045 Sed
614 1971 669 2064 dt,
706 1975 867 2044 cluentia
883 1973 921 2048 di
937 1969 1109 2062 infelicitas
1126 1979 1239 2043 inviis
1254 1999 1301 2046 eo·

250 2095 340 2160 ium,
360 2075 399 2150 U
417 2075 601 2167 vianpacis
617 2094 681 2141 non
693 2087 920 2164 cognoverunt,
946 2091 1021 2143 non
1037 2072 1177 2164 quidem
1193 2073 1236 2145 ad
1249 2075 1302 2148 in·

244 2186 391 2268 tegrum
406 2171 605 2261 recordor,
619 2170 680 2242 ubi
695 2167 860 2263 seriptum
876 2169 933 2243 sit:
960 2167 1114 2263 suspicor
1129 2185 1246 2244 tamen
1261 2173 1301 2247 in

249 2287 326 2345 uno
341 2270 599 2362 Prophetarum
621 2265 899 2363 inveniripoise.
949 2267 992 2343 In
1018 2267 1156 2344 Psalmis
1182 2285 1301 2345 autem

250 2370 416 2462 scriptum
433 2367 500 2442 est:
524 2371 605 2443 Nou
620 2367 660 2467 ιβ
676 2372 771 2442 timu
787 2373 850 2441 Dei
863 2386 940 2441 anu
952 2371 1049 2439 oculos
1063 2393 1177 2446 eorum.
1211 2370 1302 2444 Haec

250 2484 368 2543 autem
389 2470 509 2543 omnia
529 2467 729 2542 testimonia
749 2470 891 2542 videtur
914 2488 1129 2564 congregare
1147 2467 1302 2543 voluiffe

251 2573 302 2644 ob
330 2571 424 2661 hoc,
448 2578 491 2640 ut
514 2566 738 2659 ostenderet,
765 2569 845 2661 quia
870 2568 967 2659 quod
990 2566 1150 2640 causatur
1174 2573 1304 2666 Judaeu

248 2670 291 2745 (i
307 2673 425 2741 Graios
443 2689 546 2738 amnes
557 2669 615 2756 ful
629 2685 748 2763 peceato
765 2666 834 2760 effi,
859 2683 935 2740 non
960 2679 1029 2739 tam
1056 2665 1171 2760 suam,
1197 2689 1300 2760 quam

253 2767 376 2843 sanilae
389 2766 578 2860 Scriptura
592 2766 799 2841 sententiam
816 2767 1040 2859 pronunciat.
1091 2767 1159 2840 Sed
1189 2768 1305 2860 requi·

251 2869 389 2956 tamus,
416 2863 565 2955 quidest
580 2864 654 2938 hoc
669 2864 779 2956 ipsum
796 2864 857 2938 sub
872 2879 1023 2958 peccato
1042 2863 1129 2938 elie:
1157 2864 1228 2940 sine
1245 2887 1304 2939 ex·

252 2967 423 3055 ceptione
437 2965 528 3035 enim
543 2963 657 3037 sermo
672 2967 747 3054 eius
763 2983 911 3052 omnes,
936 2963 1010 3036 sive
1024 2963 1132 3056 Judaei
1147 2965 1214 3038 sint
1230 2965 1304 3038 sive

252 3062 438 3150 Gentiles,
463 3063 607 3135 videtur
620 3063 825 3136 involvere.
855 3061 924 3138 Sed
943 3066 1102 3137 occurrit
1116 3065 1221 3137 nobis
1236 3067 1302 3138 alia

250 3163 358 3256 ipsius
373 3160 564 3253 sententia,
591 3181 659 3253 qua
677 3163 783 3254 dicit,
824 3163 882 3232 Ubi
897 3177 1000 3231 autem
1018 3188 1082 3232 non
1101 3167 1140 3246 eli
1153 3167 1221 3251 lex,
1247 3189 1302 3234 nec

249 3265 479 3359 pravaricatio.
525 3257 635 3355 Apud
651 3261 794 3354 Judaeos
808 3260 947 3350 quidem
964 3263 1077 3358 legem
1095 3263 1212 3349 Moysi
1230 3262 1300 3336 effe

249 3359 468 3436 manifestum
479 3359 546 3433 est:
570 3361 662 3452 apud
671 3359 832 3434 Gentiles
850 3381 941 3432 vero
955 3362 1067 3456 legem
1082 3377 1214 3436 naturae
1228 3357 1297 3435 ess'e

250 3457 457 3546 confirmat,
482 3478 560 3550 quae
576 3457 782 3532 testimonio
806 3459 1031 3532 conscientia
1053 3465 1175 3556 arguat
1190 3462 1302 3535 delin-

250 3573 430 3647 quentem.
456 3557 531 3631 Ubi
547 3577 634 3652 ergo
650 3561 833 3648 quaerimus
851 3558 1054 3647 hominem,
1080 3562 1115 3634 in
1133 3581 1205 3652 quo
1222 3579 1301 3638 nnn

248 3659 291 3733 sit
305 3660 384 3750 lex,
403 3656 509 3747 &qui
522 3671 586 3750 pet
601 3658 673 3729 hoe
688 3677 762 3730 non
778 3657 940 3730 videatur
957 3657 1025 3730 effe
1040 3659 1076 3732 in
1089 3663 1298 3753 pravarica-

247 3758 351 3831 tione
368 3757 527 3850 peccati,
542 3757 622 3846 quia
643 3757 675 3826 da
693 3755 765 3848 ipse
782 3755 907 3830 Paulus
924 3758 968 3829 de
990 3756 1174 3851 semetipso
1192 3761 1295 3834 dieite

248 3858 314 3950 Ego
328 3873 433 3926 aulem
448 3853 668 3946 vinciamini
682 3856 742 3948 lege
758 3851 949 3953 aliquando?
969 3909 971 3914 .
992 3858 1147 3954 Quando
1164 3856 1293 3932 Paulus

232 3955 316 4032 inne
332 3957 411 4052 lega
425 3957 529 4049 vixit,
536 3956 596 4047 qui
608 3951 743 4029 rursum
760 3955 805 4029 de
818 3953 1004 4050 lametipso
1022 3955 1126 4030 dicit:
1152 3961 1293 4029 circum·

697 4097 700 4102 ·
744 4099 747 4104 ·
1160 4059 1241 4145 cisni
