2825 4559
220 285 224 296 ’
298 332 360 408 nt
385 330 561 409 rursu.
589 331 666 408 nn
692 305 926 411 nomen.
950 332 1055 422 uin.
1082 334 1140 411 ν.·
1183 321 1250 431 27l

186 497 374 590 „propter
391 495 511 570 lumen
530 495 686 570 scientie
702 516 808 569 mane
823 496 1021 589 oriebatur,
1040 500 1254 570 commutari

186 594 268 690 „de
283 593 397 690 gloria
413 593 494 689 sua,
521 597 554 668 ἃ
579 593 670 669 effici
695 598 863 670 tenebras
887 612 1038 688 propter
1060 600 1249 686 malitiam,

184 746 213 789 „
224 715 327 784 quam
344 697 502 787 recepit,
531 695 564 768 dr
581 698 704 787 illum,
733 698 792 788 qui
808 695 876 768 fuit
892 697 1137 770 immaculatus
1158 717 1176 768 a
1193 718 1251 770 na-

184 847 212 890 „
224 797 368 870 tivitate
383 792 463 887 sua,
489 797 523 867 dr
539 797 717 870 babittvit
734 816 816 869 cum
832 789 1045 870 Cherubim·
1075 798 1107 868 dr
1124 801 1161 868 in
1179 818 1251 870 me·

185 892 286 990 „dio
308 894 462 988 lapidum
479 895 668 1000 igneorum
695 894 930 970 conversatus
950 896 1020 981 est,
1049 896 1250 970 &indutus

124 989 140 1018 ·'
184 991 270 1088 „est
290 1013 399 1068 omne
417 1009 667 1070 ornamentum
683 998 849 1088 virtutis,
874 1015 945 1069 nec
962 996 1030 1069 fuit
1047 997 1117 1066 ulla
1136 999 1172 1078 in
1191 1018 1251 1089 pa·
1337 1059 1340 1066 .

186 1146 214 1185 ‚,
226 1092 341 1166 radiso
359 1093 429 1166 Dei
449 1098 557 1169 arbor
578 1098 776 1188 virtutum,
804 1117 882 1187 que
900 1097 938 1169 ei
950 1097 1150 1187 comparari
1169 1098 1249 1187 pos·

182 1193 288 1288 „set,
312 1193 397 1290 post
414 1196 492 1268 baec
506 1197 667 1269 inventae
684 1192 763 1269 sunt
783 1197 989 1285 iniquitaten
1006 1197 1042 1266 in
1060 1215 1128 1284 eo,
1154 1198 1248 1270 &de

182 1294 317 1389 „coelo
343 1296 387 1366 in·
405 1310 537 1370 terram
561 1294 742 1390 projeetus
767 1296 838 1368 est:
865 1298 914 1368 ita
934 1294 1053 1388 potest
1069 1292 1165 1380 lieri,
1192 1314 1246 1386 ur,

180 1446 209 1487 „
221 1396 256 1465 in
272 1412 500 1486 quocumque
517 1393 609 1468 statu
629 1395 740 1470 luerit
757 1398 889 1481 anima,
918 1393 1004 1467 &in
1023 1415 1247 1485 quacumque
1285 1448 1288 1457 ,

180 1547 208 1588 „
219 1481 443 1586 perfectione
461 1497 654 1587 virtutum,
669 1498 837 1587 quoniam
857 1497 969 1584 virtus
987 1498 1165 1569 mutabilis
1180 1495 1245 1588 est,

180 1639 207 1688 „
219 1592 350 1685 lapsum
369 1585 473 1688 polilt
492 1595 701 1688 incurrere,
728 1611 788 1675 ut,
813 1595 901 1670 sicut
918 1618 936 1666 a
955 1597 1051 1666 vitiis
1071 1598 1113 1666 ad
1131 1598 1246 1666 virt'u·

178 1706 313 1787 „tem,
336 1693 386 1766 ita
402 1694 435 1767 br
453 1716 473 1767 a
490 1697 693 1769 virtutibus*
706 1697 900 1768 inclinetur
916 1696 959 1766 ad
980 1695 1078 1767 vitia.
1130 1696 1245 1788 Quod

177 1792 331 1889 „s1est,
358 1793 583 1894 consequens
603 1796 810 1886 videbitur,
836 1795 1017 1886 requirere
1043 1794 1244 1885 medicum,

179 1894 279 1986 „ubi
295 1895 447 1988 languor
463 1894 528 1984 est,
540 1896 620 1986 quit
636 1895 829 1969 secundum
844 1895 1042 1969 Salvatoris
1057 1894 1161 1985 ipsius
1177 1915 1245 1966 vo·

178 2046 205 2085 „
217 2012 294 2065 cem
314 2013 388 2090 opus
405 1997 444 2083 eli
460 1999 570 2065 medico
588 1998 659 2075 his,
684 2002 740 2093 qui
755 1999 833 2067 male
848 1996 1015 2069 Ιιαῦιηῌί
1048 1996 1136 2070 Haec
1155 2013 1243 2087 ergo
1294 1997 1297 2004 ’

177 2095 211 2163 dr
237 2095 289 2164 his
314 2091 433 2166 similia
461 2096 729 2189 proponentes,
756 2097 898 2171 easdem
920 2096 1027 2169 etiam
1053 2094 1089 2164 in
1114 2092 1243 2165 futuris

178 2191 312 2263 seculis
328 2193 605 2288 dispensationes
624 2218 643 2268 a
661 2195 803 2269 Christo
828 2197 1044 2289 repetendas
1066 2191 1135 2264 elie
1154 2196 1246 2265 arbi·

172 2306 327 2382 trantur.
355 2293 424 2367 Sed
443 2295 485 2366 ad
505 2297 580 2368 liare
597 2316 666 2370 nos
687 2296 849 2368 breviter
863 2295 976 2390 prout
992 2291 1172 2388 poliumus
1189 2314 1244 2366 re·
1274 2329 1276 2334 ·
1324 2291 1326 2296 ’

172 2387 441 2484 spondebimus.
467 2395 618 2469 Manere
630 2396 773 2488 quidem
788 2412 924 2469 nature
940 2395 1144 2467 rationabili
1155 2393 1243 2484 sem·

171 2511 238 2586 per
254 2493 403 2567 liberum
424 2497 606 2571 arbitrium
625 2517 703 2569 non
722 2515 912 2591 negamus3
937 2495 996 2568 sed
1016 2510 1150 2565 tantam
1172 2492 1242 2566 effe

171 2593 249 2666 vim
268 2595 384 2685 crucis
407 2593 556 2689 Christi,
583 2595 765 2672 &mortis
782 2598 898 2688 huius,
914 2616 1017 2686 quam
1037 2595 1074 2664 in
1097 2590 1242 2664 saeculo·

172 2711 252 2763 rum
271 2688 343 2766 line
360 2694 531 2786 susqepit,
559 2693 762 2791 afferimus,
788 2715 866 2798 quae
882 2697 925 2768 td
941 2689 1125 2767 sanitatem
1140 2693 1173 2764 dr
1187 2714 1243 2766 re·

172 2793 328 2866 medium
347 2815 423 2867 non
443 2794 556 2870 solum
578 2795 758 2890 presentis
778 2795 949 2881 defuturi,
963 2792 1021 2867 sed
1033 2794 1138 2866 etiam
1153 2815 1240 2887 prae-

168 2892 359 2965 teritorum
376 2892 607 2988 seculorum,
626 2899 751 2971 &non
770 2897 882 2970 solum
898 2897 1055 2969 humano
1073 2895 1156 2965 huic'
1173 2891 1240 2965 n'o·
1329 2935 1332 2940 -

165 2986 240 3062 stro
259 2993 393 3076 ordini,
408 2991 466 3068 sed
484 2999 589 3069 etiarn
608 2997 806 3098 cpelestibus
828 2997 1022 3067 virtutibus
1040 2997 1251 3067 ordinibus-.

172 3108 242 3180 que
268 3090 423 3169 sufficiat.
485 3095 688 3172 Secundum
716 3097 927 3170 sententiam
953 3118 1107 3188 namque
1132 3100 1238 3189 ipius
1311 3135 1314 3142 ·

171 3185 269 3261 Pauli
284 3191 453 3287 Apostoli
471 3193 628 3270 Christus
650 3195 857 3292 pacificavit
872 3217 927 3288 per
937 3201 1123 3289 languorem
1137 3208 1238 3268 crucis

163 3288 233 3377 lua
252 3311 327 3363 non
350 3291 462 3368 solum
480 3321 546 3392 que
558 3303 596 3366 in
613 3296 711 3370 terris
719 3299 823 3384 suni,
847 3296 905 3372 sed
925 3301 961 3372 ἀ
986 3325 1054 3395 qua
1079 3305 1116 3368 in
1141 3303 1235 3369 coelir.

168 3390 267 3485 Quid
286 3407 402 3469 autem
419 3395 473 3486 sit,
492 3396 590 3486 qnod
606 3397 643 3470 in
661 3397 789 3471 futuris
808 3401 940 3474 saeculis
960 3413 1083 3472 teneat
1100 3403 1237 3472 arbitrii

166 3489 439 3585 libertatem‚ne
453 3497 587 3570 rursum
604 3515 752 3570 corruat
767 3506 1033 3595 inpeccatum,
1049 3502 1151 3573 brevi
1165 3523 1235 3574 nos

166 3586 334 3665 sermone
348 3593 551 3685 Apostolus
569 3593 700 3685 ducet,
728 3602 870 3679 dicens:
900 3605 1054 3675 Charino
1069 3625 1235 3697 nunquam

166 3692 262 3764 cadit.
315 3690 457 3767 Idcirco
477 3695 570 3769 enim
588 3696 621 3768 dt
638 3694 710 3772 fide
727 3705 759 3775 dr
775 3705 835 3801 ipe
848 3706 962 3796 major
982 3703 1133 3773 charitas
1151 3702 1236 3774 dici·

168 3801 247 3879 tur,
276 3794 357 3883 quia
379 3791 452 3866 sola
472 3797 564 3886 erit,
591 3817 771 3889 perquam
788 3805 944 3897 delinqui
964 3805 1055 3874 ultra
1073 3820 1234 3897 nonpo-

166 3894 264 3965 terit.
300 3891 334 3962 si
353 3896 446 3967 enim
462 3895 498 3966 in
516 3894 552 3968 id
569 3898 685 3970 anima
698 3903 930 3993 perfeetionis
948 3903 1164 3993 ascenderit,
1191 3917 1232 3975 ut
1290 3985 1295 4004 Ι

164 4007 211 4061 ex
230 4003 314 4064 toto
331 3993 444 4067 corde
459 3992 543 4090 suo,
570 3997 666 4072 &ex
683 4015 765 4076 tota
780 4007 896 4084 anima
911 4004 987 4095 sua,
1009 4006 1049 4079 dr
1070 4001 1235 4083 extorta
1295 4069 1298 4076 .

1109 4126 1204 4178 unx·
