2825 4559
153 244 246 396 :nu
271 249 448 408 nerse.
475 309 813 404 nopnounu.
836 279 939 389 nm.
963 277 1071 391 unt.
1121 333 1194 409 ot
1334 344 1336 350 ·

125 473 217 556 runt'
232 478 412 554 Gentibus
433 476 654 576 ingrediendi
672 437 710 552 in
732 464 975 551 hereditatem
988 475 1082 566 Dei,
1108 473 1194 549 Deo

125 604 208 657 cum
224 580 305 674 ipsu
320 580 504 653 conmuni
520 577 673 671 quodem
691 574 927 666 &aequiffitno
940 576 1020 669 jure
1036 577 1193 651 habente

119 671 314 777 judicium,
340 695 382 752 ut
398 679 518 752 donec
534 678 584 751 illi
600 678 743 770 plebem
759 675 830 748 Dei
846 680 883 749 in
898 680 1066 748 cecitatis
1082 678 1194 769 eapti·
1311 717 1321 729 „

123 785 240 854 vitate
260 778 485 869 detinerent,
513 773 607 870 quasa
634 776 678 849 ad
702 778 821 860 vicem
846 794 996 863 eorum,
1023 795 1116 869 quos
1146 779 1191 851 ab
1301 812 1303 817 v

122 882 230 955 initio
258 900 304 953 ex
326 873 596 972 portione‘Dei
623 872 856 972 &segregata
883 877 960 968 ejus
982 875 1193 951 hereditate

120 980 384 1070 subtraxerant,
402 975 575 1052 Gentium
591 995 760 1050 numerus
774 974 1003 1054 redderetur:
1031 996 1112 1053 cum
1127 997 1192 1050 ve·

119 1102 166 1155 ro
185 1078 374 1174 plenitudo
392 1076 564 1152 Gentium
581 1074 701 1150 initiet
719 1077 885 1169 expleta,
912 1078 1192 1153 &emulatione
1308 1139 1312 1153 .

120 1180 244 1255 salutis
260 1198 386 1253 eorum
404 1176 561 1273 coepillet
576 1175 681 1250 lsrael
696 1174 872 1248 discutere
890 1198 910 1250 a
924 1175 1110 1272 semetipso
1126 1200 1193 1252 eae·

122 1282 271 1353 citdtem
295 1280 438 1370 cordia,
465 1278 672 1352 &elevatis
697 1276 812 1350 oculis
833 1274 906 1349 suit
928 1275 1194 1358 Christumve·
1285 1301 1286 1306 ‘

123 1400 204 1453 rum
220 1379 340 1451 lumen
365 1377 541 1470 aspicere,
565 1378 615 1448 ita
632 1373 826 1448 secundum
845 1373 1091 1471 precedentes
1105 1380 1194 1454 Pro·

120 1480 265 1574 pheties
281 1475 440 1578 salutem,
454 1497 557 1571 quarn
575 1478 779 1586 obpacatus
796 1475 957 1550 amiserat
971 1477 1193 1573 lsrael,quat·

122 1594 223 1651 reret
245 1578 450 1675 instigatus,
486 1580 608 1651 dicens
633 1576 725 1669 apud
748 1573 970 1669 semetipsum
993 1580 1081 1653 illud
1105 1582 1211 1656 Pro·-

122 1679 329 1772 poeticum:
365 1683 526 1749 Revertor
550 1680 720 1748 advirum
740 1700 841 1747 meum
858 1682 1013 1772 priorem,
1044 1683 1192 1778 quoniam

125 1782 236 1848 melius
257 1780 337 1846 milri
356 1795 539 1862 erotnnte,
565 1802 657 1875 quom
684 1779 782 1853 modo.¹
830 1778 944 1878 Quod
970 1794 1089 1854 autem
1116 1783 1194 1854 haec

123 1877 195 1951 illia
222 1871 387 1969 promissa
412 1877 478 1952 sint
500 1898 563 1969 per
587 1876 811 1971 Prophetae,
844 1880 882 1950 in
904 1880 1024 1953 multis
1049 1882 1193 1973 quidem

121 1973 349 2070 Propheticis
367 1979 612 2053 voluminibus
629 1978 832 2050 invenitur:
860 1999 1037 2072 ponemus
1056 1994 1192 2078 temen,

126 2078 227 2167 quod
248 2074 392 2150 sufficiat
415 2080 457 2149 ad
474 2075 644 2170 presens,
673 2097 784 2151 unum
805 2075 850 2152 de
867 2077 1021 2174 Jeremla
1036 2079 1196 2154 testimo·

123 2178 245 2269 nium,
272 2176 321 2248 ita
336 2181 548 2250 continens:
574 2180 614 2272 Si
629 2180 791 2249 exaltetur
806 2180 911 2248 coelum
926 2185 964 2248 in
977 2182 1139 2269 excelsum,
1152 2182 1193 2257 U
1245 2183 1247 2187 ’
1276 2187 1278 2192 ’

121 2265 213 2349 terro
232 2271 423 2347 humilietur
439 2279 594 2366 deorsum,
628 2303 680 2371 ego,
700 2273 765 2346 non
793 2280 952 2373 reprobabo
969 2305 1067 2375 genus
1096 2283 1193 2366 isene!

105 2398 182 2472 ¹pro
196 2379 339 2446 omnibus
356 2395 422 2473 qe'ae
433 2377 596 2470 fecerunt.
623 2380 658 2450 si
677 2393 764 2471 ergo
784 2395 852 2468 pro
870 2394 936 2467 eo,
964 2395 1005 2451 ut
1020 2382 1193 2453 introiret
1219 2407 1222 2412 ·

105 2477 107 2481 ’
125 2474 296 2549 Gentium
312 2479 513 2571 plenitudo,
527 2476 667 2549 caecitas
684 2474 772 2549 fana
788 2476 838 2550 est
854 2481 891 2550 in
910 2477 1013 2552 lsrael
1031 2497 1098 2569 pro
1117 2500 1195 2554 onr-

122 2576 231 2648 nibus
250 2597 327 2668 quae
344 2576 535 2672 fecerunt,
562 2575 635 2650 fine
661 2577 772 2652 dubio
800 2596 882 2651 curn
901 2574 1055 2675 ingrelia
1083 2578 1195 2653 fuerit

124 2673 298 2749 Gentium
316 2673 531 2769 plenitud0,
560 2681 701 2749 caecitas
725 2674 881 2752 cellabit.
911 2697 919 2704 ·’
934 2682 1047 2777 Quod
1069 2680 1092 2753 fi
1120 2683 1193 2773 vis,
1240 2745 1242 2750 ,

120 2775 468 2870 inquitllpostolus,
496 2775 603 2869 scire,
631 2780 819 2870 quomodo
835 2779 941 2852 etiarn
960 2777 1039 2872 post
1056 2779 1195 2851 caecita·

124 2887 201 2949 tem
218 2873 403 2949 salvandus
421 2878 462 2950 stt
477 2874 602 2968 lsrael,
629 2877 710 2950 audi
733 2880 921 2968 quomodo
940 2871 1193 2973 scriptumest:
1304 2893 1307 2898 '

128 2978 249 3051 Veniet
262 3001 299 3046 ex
315 2980 414 3061 Sion,
441 2988 497 3075 qui
513 2980 643 3061 liberet,
670 2983 706 3053 U
723 2995 853 3050 auertat
865 2986 1056 3076 ‘impietatem
1072 2981 1109 3051 ob
1126 2983 1194 3076 Jo·
1245 2984 1249 2991 ’

126 3075 196 3146 tob:
223 3074 262 3152 (Ἰ
285 3076 341 3151 hoc
367 3079 435 3148 illia
457 3106 476 3148 o
496 3103 543 3148 me
559 3079 793 3175 testamentum,
820 3082 1048 3176 cum'abflulero
1066 3097 1193 3176 peccata

125 3171 240 3247 eorum.
293 3175 483 3253 Sciendum
508 3177 589 3256 seue
615 3175 685 3266 e'st,
714 3176 813 3272 quod
830 3184 863 3252 ln
881 3180 1061 3274 Propheta
1077 3176 1192 3276 Esaia,

125 3275 223 3347 unde
236 3275 476 3368 testimonium
496 3275 586 3351 illud
606 3277 737 3352 Paulus*
755 3273 910 3361 aliumit,
938 3300 1007 3376 pro
1024 3303 1071 3355 eo
1092 3279 1193 3373 quod

124 3374 217 3447 dixit
230 3374 448 3468 Apostolus:
483 3383 599 3450 Veniet
614 3406 650 3450 ex
668 3385 766 3465 Sion,
794 3373 1045 3475 scriptumest:
1077 3381 1193 3453 Veniet

120 3493 251 3571 propter
264 3477 365 3547 Sion:
392 3477 425 3550 dt
450 3476 548 3568 quod
572 3478 622 3553 ait
645 3480 723 3553 hic:
752 3482 831 3550 Cum
846 3483 993 3574 abstulero
1009 3497 1131 3576 percolo
1146 3506 1193 3552 eo·
1314 3516 1316 3519 ⁴

127 3600 219 3645 rum:
246 3575 293 3647 ibi
316 3579 466 3650 omnino
485 3575 651 3669 scripturn
670 3601 746 3653 non
765 3578 830 3671 est,
846 3563 904 3654 sed
921 3600 992 3655 nec
1008 3584 1101 3677 apud
1118 3577 1195 3655 He·

125 3675 243 3748 braeos
263 3676 423 3765 quidem:
441 3675 621 3771 Apostoli
636 3693 754 3753 tamen
773 3680 984 3756 auetoritate
1004 3681 1195 3777 praesurnp·
1337 3667 1340 3692 ⁵

127 3771 282 3849 tum'est.
313 3773 462 3850 Interim
483 3778 630 3851 veniens
648 3779 829 3862 Dominus
851 3801 896 3855 ex
912 3781 998 3856 Sion
1017 3782 1197 3857 liberat&

125 3876 261 3948 avertit
276 3875 478 3968 impietates
495 3880 538 3949 ab
553 3874 681 3970 Jacob.
734 3879 884 3955 Avertit
900 3896 1016 3957 autem
1033 3883 1194 3975 impieta·
1281 3920 1283 3925 ·
1327 3971 1332 3980 1

123 3969 240 4090 ιἐιιὶιὺ
256 3996 303 4051 eo
321 3976 515 4055 secundum
530 3970 619 4053 illud
637 3979 737 4074 quod
752 3979 921 4079 scriptum
938 3981 1008 4059 elle
1033 3986 1129 4154 Qpie
1142 3979 1191 4055 en·

1012 4135 1015 4142 ,
1095 4099 1154 4155 eo
