2825 4559
124 333 127 338 .
205 277 208 282 ·
274 268 340 357 nu
365 273 541 354 umor.
566 273 647 350 uo
672 229 902 358 rouro.
927 269 1031 355 tut
1057 275 1087 358 1.
1172 201 1216 376 ἰς

149 443 334 544 destinavit.
384 435 546 514 Prosciri
562 458 650 536 ergo
671 437 705 512 dt
726 435 966 530 praedestinari
984 440 1130 533 poffunt
1151 443 1217 537 illi,

153 547 215 639 qui
236 543 399 620 nondum
422 539 524 614 ssrntt
549 541 610 611 ilie
632 551 752 612 autem
773 539 833 628 qui
852 535 922 628 est,
948 537 1136 636 &semper
1151 543 1217 638 est,
1304 583 1306 588 -

151 665 231 720 non
246 639 534 738 pmdestiortur,
560 637 620 712 sed
637 636 844 712 destinatur.
893 637 984 710 Haec
1002 639 1092 716 ditia
1110 643 1176 716 srnt
1197 653 1219 718 d

151 745 262 819 nobis
282 757 435 838 propter
453 759 539 830 eos,
566 739 626 832 qui
642 739 679 812 io
692 737 915 833 unigenitum
927 733 1053 816 Filium
1068 745 1139 815 Dei
1156 748 1221 818 irn-

115 884 119 892 -
151 846 326 940 pietatem
341 846 563 932 loquuntur,
580 838 614 910 dt
629 839 840 933 ignorantes
858 833 1095 914 differentiam
1115 843 1220 916 desti·

154 945 232 1020 noti
248 937 554 1036 &·praedessinati‚
572 950 701 1032 putant
718 956 800 1010 eum
819 935 1012 1031 intereos,
1039 944 1120 1033 qui,
1136 964 1220 1022 cum
1303 970 1306 978 ·

154 1036 337 1117 tnto'non
350 1037 508 1118 fuerint,
534 1035 770 1131 prodestinati
786 1030 865 1108 sunt
885 1050 925 1107 ut
944 1035 1080 1132 efferit,
1097 1063 1221 1118 nume.

151 1142 326 1216 randum:
353 1139 413 1230 qui
430 1155 621 1229 numquam
637 1131 904 1230 praedestinatus
922 1135 995 1230 est,
1010 1154 1053 1211 ut
1067 1129 1227 1217 effetFiss

153 1245 247 1334 lius,
271 1238 331 1314 sed
352 1238 487 1330 semper
505 1234 575 1310 fuit
594 1236 628 1308 dt
645 1233 697 1308 est
712 1236 802 1310 srcut
822 1235 855 1306 u
871 1233 986 1310 Pater.
1042 1242 1114 1338 Qui
1131 1257 1220 1338 ergo

156 1339 290 1436 semper
310 1337 382 1429 est,
410 1334 625 1426 destinatur,
652 1348 693 1407 ut
708 1336 884 1424 diximus,
910 1356 984 1408 non
1000 1340 1225 1431 praedestina.

157 1455 236 1514 tur:
261 1439 320 1531 qui
335 1452 456 1512 autem
475 1433 758 1540 praedestirrrtur,
773 1434 933 1507 nondum
948 1450 1024 1509 erat
1037 1455 1124 1512 tunc
1137 1453 1220 1518 cuni

154 1537 489 1635 prodestinaretur‚
515 1534 573 1608 sed
593 1536 702 1628 coepit
724 1553 770 1606 ex
787 1548 964 1626 tempore.
1013 1537 1222 1616 Neceffarir

154 1642 266 1736 igitur
286 1625 510 1709 distintiione
531 1633 734 1727 Apostolus
757 1635 892 1725 utitur,
919 1657 1000 1709 eum
1026 1641 1083 1729 qui
1107 1662 1150 1712 ex
1172 1639 1223 1714 st·

154 1741 255 1815 mine
277 1736 401 1810 David
425 1734 619 1809 secundum
647 1753 791 1810 carnem
820 1732 894 1825 est,
919 1733 1049 1810 fadum
1078 1740 1223 1816 dicent:

156 1859 242 1912 eum
263 1856 354 1912 vero
372 1855 478 1928 quem
496 1831 623 1908 Filium
646 1831 719 1906 Dei
738 1837 776 1905 in
800 1840 925 1905 virture
942 1835 1112 1926 secundum·
1126 1841 1225 1935 spiri.

156 1956 230 2011 rum
242 1936 504 2026 [anfiificarionis
521 1935 706 2024 nominat,
733 1931 955 2011 destinatum.
982 1935 1125 2014 Etenim
1140 1955 1225 2017 cum

158 2036 301 2111 dixiffet
319 2035 446 2110 Filium
460 2034 552 2126 Dei,
566 2054 643 2106 non
659 2031 840 2126 superfluo
860 2035 1013 2130 addidit,
1030 2046 1066 2108 in
1082 2047 1227 2130 virture,
1268 2053 1276 2074 “

157 2137 321 2211 indicant
335 2156 400 2229 per
416 2137 507 2225 hoc,
522 2133 621 2226 quod
641 2131 831 2206 substantia
847 2130 956 2207 Filius
974 2136 1015 2209 srt
1031 2139 1225 2216 secundum

159 2236 320 2329 spiritum
336 2229 636 2308 sanetificationis.
689 2231 847 2307 Christus
865 2239 957 2310 enim
971 2238 1043 2311 Dei
1060 2245 1176 2315 virtut
1190 2241 1226 2314 dt

160 2335 235 2410 Dei
252 2334 421 2429 sapientia
441 2335 595 2426 dicitur,
623 2335 681 2423 qui
705 2331 739 2404 dt
762 2353 880 2425 vapor
903 2338 1047 2410 virtutis
1070 2342 1161 2434 Dei,
1190 2339 1226 2414 dt

85 2497 90 2508 .
160 2438 321 2512 manatio
346 2436 471 2529 gioriae'
494 2435 760 2526 omnipotentis
788 2433 983 2528 putidum,
1010 2438 1043 2510 dt
1071 2437 1227 2533 plendor

160 2537 253 2608 tucis
273 2552 438 2627 artemo,
456 2534 619 2629 &imago
638 2533 812 2605 bonitatis
828 2534 899 2608 Dei
918 2539 1126 2628 appellatur.
1155 2539 1227 2614 Sed

166 2637 377 2725 requiritur,
402 2635 427 2707 s1
451 2633 486 2705 id
509 2633 609 2722 quod
629 2630 823 2704 desemine
841 2632 1148 2729 Davidnascitur‚
1175 2640 1226 2714 se·

167 2735 318 2808 cundum
336 2751 481 2807 carnem
497 2730 567 2819 est,
597 2730 694 2822 quod
712 2745 803 2804 uero
823 2735 859 2803 in
877 2735 1014 2808 virtute
1030 2735 1226 2814 destinatur
1291 2754 1293 2762 '

161 2834 355 2918 ¹secundum
381 2830 541 2925 spiritum
561 2825 876 2921 sordidationis,
902 2831 1011 2908 Filius
1039 2838 1108 2911 Dei
1132 2841 1171 2911 u·
1188 2843 1227 2916 in

163 2933 353 3007 substantia
371 2931 440 3004 Dei
461 2929 533 3024 ost,
559 2932 749 3022 quomodo
763 2931 1009 3025 accipiendum
1026 2936 1077 3011 est
1097 2940 1140 3011 de
1156 2943 1228 3014 ani·

161 3053 220 3107 roa
243 3031 346 3125 Jesu,
372 3051 451 3123 quae
472 3030 530 3102 hic
557 3049 779 3122 nequaquam
801 3049 881 3104 turn
909 3054 1017 3108 carne
1044 3038 1078 3109 dt
1105 3041 1228 3131 spiritu
1264 3065 1266 3070 ·
1315 3063 1317 3068 ·

161 3130 451 3205 santiificationis
471 3130 530 3201 vel
550 3129 681 3202 divino
694 3131 842 3203 virtutis
860 3128 1050 3208 substantia
1066 3143 1228 3213 nomina-

163 3248 241 3304 tur:
270 3231 404 3323 dequo
429 3230 510 3304 tlibi
531 3227 604 3323 ipse
628 3227 797 3304 Salvator
817 3232 926 3325 dicit,
954 3237 1035 3326 quia
1059 3240 1158 3335 tristis
1187 3241 1229 3337 est

164 3336 273 3402 anima
293 3357 359 3403 meo
383 3354 479 3428 usque
499 3329 540 3400 od
558 3347 707 3416 murtem3
734 3329 793 3421 ἂ,
820 3334 923 3405 Nunc
939 3341 1051 3405 anima
1071 3363 1136 3409 mea
1154 3357 1228 3412 iur-

163 3431 239 3504 iata
258 3432 319 3529 est.-
344 3452 447 3522 qutm
464 3429 534 3502 &a
555 3427 743 3521 semetipso
757 3429 899 3524 posuit,
925 3433 999 3508 imo
1021 3456 1229 3531 quousque.

164 3533 209 3603 ad
227 3532 407 3604 infernum
428 3526 631 3622 descendit,
659 3531 790 3620 dequo
812 3530 845 3603 dr
864 3532 1015 3609 dicitur:
1041 3541 1120 3609 Non
1142 3544 1229 3614 dert-

162 3631 289 3727 h'nquet
308 3635 449 3702 animam
472 3653 569 3700 meam
595 3638 632 3698 in
658 3630 801 3720 inferno.
861 3628 1008 3708 Certum
1035 3634 1087 3711 est
1109 3629 1227 3736 ¹enim,

161 3732 246 3822 quia
269 3731 346 3804 haee
364 3749 442 3803 non
465 3728 511 3800 de
534 3729 667 3803 semine
693 3729 813 3804 David
834 3749 1003 3828 generata
1020 3736 1074 3812 srt.
1127 3740 1209 3816 Dici
1263 3731 1267 3740 ’

161 3833 279 3921 enim,
304 3832 386 3920 quia
403 3825 714 3922 quodfatiumest
730 3829 920 3907 exsemine
937 3832 1081 3932 David,
1102 3839 1181 3914 secu
1220 3831 1222 3836 ’

160 3931 245 4005 dum
265 3949 409 4007 tarnem
426 3927 489 4004 ost.
541 3929 638 4028 Quia
658 3941 748 4028 ergo
763 3949 882 4024 neque
900 3932 939 4009 in
961 3954 1033 4031 eo,
1059 3941 1157 4030 quod

1023 4038 1194 4116 ouoduux
1227 4107 1241 4130 κ
