2825 4559
96 273 99 285 ’
211 355 290 412 ,ιιι
383 285 1146 442 οιιιοιιΝιςῆοοΜΜΕΝτΑιιῇ
1277 257 1281 272 “

207 492 393 585 transt-sse,
419 513 489 566 nuc
508 491 603 564 ultra
618 455 724 564 ineis
739 487 880 565 stetisse.
921 492 1030 566 Unde
1047 506 1218 587 apparet,
1245 496 1284 570 in

204 596 328 678 literis
345 593 443 665 Pauli
464 613 512 664 ne
525 610 631 664 unum
647 591 791 681 quidem
805 590 971 682 syllabam
991 613 1142 668 vanuum
1161 592 1282 669 sentiri

214 691 552 790 debere=mytturiiu.
590 690 788 763 Videamus
804 710 920 775 nunc,
945 696 1133 783 quomodo
1152 693 1284 771 ditium

95 807 120 850 ι’
195 796 289 872 est:
325 795 424 891 Usque
444 795 484 862 ut
508 792 601 884 iugem
622 799 707 860 mim
727 808 883 888 peccatum
899 797 937 862 in
951 796 1008 864 tn
1024 796 1158 864 mutu:
1181 816 1285 891 peccu-

209 916 286 970 'tttm
302 914 407 964 eutem
421 917 489 968 nnn
507 898 699 986 imputatur,
725 914 793 962 cunt
809 891 862 963 itu
876 916 942 962 notu
958 894 1007 990 ιβ.
1041 893 1128 965 Hoc
1141 896 1176 967 in
1194 896 1282 969 loco

209 996 407 1073 secundum
422 1014 500 1066 eum
511 989 790 1081 similitudinem,
803 1011 907 1083 quant
924 990 1025 1084 supra
1043 991 1299 1087 exposuimus„
1321 991 1328 1000 '

215 1099 363 1169 videtur
383 1094 466 1167 mihi
483 1089 611 1164 Paulus
628 1110 692 1182 per
707 1092 813 1164 alium
831 1093 964 1165 aditum
977 1091 1205 1187 ingreffus‚&
1218 1116 1285 1186 per

215 1201 322 1271 ulium
337 1191 502 1290 egreffnu.
535 1190 628 1283 Quis
645 1191 836 1264 enimcum
854 1191 974 1285 potest
991 1191 1086 1284 sequi
1102 1213 1166 1284 per
1179 1194 1285 1269 istum

214 1298 371 1385 aditum,
399 1303 474 1383 qno
500 1290 659 1381 pluribus
686 1291 831 1364 videtur
857 1290 1049 1390 ingressus,
1075 1305 1117 1363 ut
1139 1293 1183 1366 de
1201 1296 1283 1390 lege

211 1392 338 1486 Moysi
356 1395 476 1465 dicere
491 1388 729 1483 intelligatur,
756 1392 837 1481 quia
859 1396 955 1489 uthte
969 1394 1009 1462 ati
1025 1394 1117 1485 legem
1128 1411 1283 1489 peccatum

208 1503 254 1572 iu
271 1500 326 1564 hoc
341 1496 476 1562 mundo:
498 1506 659 1585 peccatum
670 1507 778 1563 autem
791 1515 856 1562 uun
870 1498 1060 1587 imputatur,
1069 1518 1137 1564 cum
1150 1494 1202 1564 lex
1214 1519 1284 1565 non

207 1592 277 1691 ιβ.2
303 1593 397 1686 quast
419 1607 504 1665 ante
524 1589 637 1684 legem
652 1605 842 1685 pecnutnm
859 1612 935 1664 non
955 1591 1083 1684 fuerit,
1111 1592 1153 1672 n,
1170 1614 1283 1670 nemo

197 1694 445 1790 ,.peccuverit‚
471 1710 541 1765 nec
559 1705 763 1780 reputatum
780 1688 890 1763 fuerit
904 1692 966 1763 ulli
984 1707 1196 1786 peccatum,
1222 1716 1285 1770 nn·

207 1809 359 1886 tequam
379 1796 438 1865 lex
453 1787 576 1881 Moyn
592 1789 756 1884 duretur,
784 1810 865 1865 cum
890 1794 1047 1886 tegamus
1074 1793 1107 1865 δι
1134 1791 1223 1865 Cain
1250 1794 1285 1867 δι

212 1894 373 1972 Lamech
392 1905 596 1984 reputatum
614 1889 684 1963 elie
697 1903 908 1985 peccatum,
936 1891 971 1962 ἀ
996 1890 1064 1985 (ne
1086 1912 1151 1985 per
1171 1893 1286 1989 singu·

209 1995 271 2072 los
288 1987 544 2082 immoremur)
563 1990 755 2064 intantum
773 1991 1010 2084 propeccatis
1021 1993 1206 2066 hominum
1224 2015 1285 2065 ex-

210 2094 424 2167 'acerbatuni
441 2087 510 2162 eise
529 2088 669 2181 Deum,
695 2105 736 2163 ut
760 2090 933 2164 diluvium
956 2090 1092 2164 mundo
1118 2093 1283 2165 introdu-

213 2204 337 2283 «teret,
366 2191 400 2262 δι
422 2191 579 2262 diceret:
608 2191 722 2261 Delebu
738 2211 1014 2277 nutrimentum,
1039 2192 1284 2286 quaesuperter-

207 2310 290 2366 uum·
301 2293 338 2382 ιβ
345 2312 358 2377 ,·
386 2288 420 2361 ἃ
438 2287 572 2362 rursum
587 2288 793 2363 sodomitas
814 2291 938 2386 igneus
954 2292 1072 2365 ¹imber
1094 2291 1284 2385 &sulphu-

185 2457 188 2461 .
209 2414 276 2466 nea
297 2391 438 2473 flumme
461 2388 667 2462 vastaverit.
706 2388 924 2488 'Quomodo
941 2404 1028 2483 ergo
1044 2393 1080 2463 in
1098 2388 1153 2463 his
1171 2393 1233 2464 vel
1249 2396 1287 2465 in

210 2490 463 2585 hulutcetnndi
480 2490 637 2580 peccatis
653 2489 723 2561 dici
738 2488 857 2581 potest
874 2510 950 2562 non
966 2488 1066 2561 inille
1079 2507 1284 2584 peccatum,

214 2593 331 2668 vulin
346 2589 514 2664 vindieiis
530 2590 661 2661 talibus
682 2590 871 2684 negabitur
890 2604 1097 2681 reputatum
1114 2590 1183 2661 elie
1199 2613 1284 2683 pec·

215 2691 362 2770 cutum‘t
414 2688 464 2761 Et
478 2689 563 2762 ideo
583 2690 789 2761 occultiore
808 2689 905 2761 aditu
923 2686 1090 2783 digrettus
1105 2692 1213 2762 nobis
1229 2710 1286 2763 re·

112 2853 114 2858 .
215 2790 409 2885 quiren'dus
426 2788 476 2860 est
493 2787 590 2859 Pauli
608 2789 645 2860 in
661 2810 728 2874 eo,
758 2790 855 2880 quod
875 2791 982 2862 dicit:
1018 2790 1117 2884 Usque
1133 2792 1174 2860 ad
1189 2790 1282 2881 legem

214 2900 301 2964 enim
314 2908 470 2986 peccatum
487 2893 525 2956 in
539 2888 595 2957 huc
609 2891 747 2959 munio:
774 2907 929 2981 peccatum
945 2904 1050 2959 autem
1066 2911 1132 2959 non
1149 2897 1283 2984 imputa·

216 3010 292 3079 tur,
319 3015 388 3060 cum
402 2989 531 3066 luxnuu
545 2986 596 3081 ιβ.
647 2987 857 3060 Invenimus
875 3006 955 3061 enm
974 2990 1008 3059 δι
1023 2988 1060 3061 in
1075 2989 1286 3080 posteriori·

215 3093 283 3166 but
299 3090 403 3183 hujus
415 3085 584 3187 Epinolae
600 3084 780 3162 dicentem
794 3088 866 3161 hoc
882 3089 1015 3161 modo:
1035 3094 1116 3161 Sim
1127 3092 1282 3184 legeeuim

205 3209 367 3290 'peccatum
389 3208 545 3259 mortuum
560 3202 648 3258 utut:
674 3213 731 3280 ego.
746 3203 850 3259 nutent
875 3192 1024 3259 vivebam
1047 3190 1111 3277 βηι
1135 3192 1196 3284 lege
1221 3194 1284 3262 uli·

142 3351 145 3371 .
176 3313 181 3320 ·
214 3294 351 3391 quanto.
403 3290 446 3362 ln
467 3308 540 3379 quo
563 3307 656 3360 unus
672 3286 757 3361 mihi
773 3302 881 3380 utque
896 3289 989 3367 iden
1004 3286 1119 3361 sensns
1138 3292 1284 3363 videtur

213 3395 401 3483 utriusque
417 3389 573 3480 capituli.
600 3388 714 3483 Quod
728 3390 821 3461 enim
838 3388 898 3460 hic
913 3391 1036 3462 deerat
1048 3391 1086 3461 in
1102 3386 1284 3483 sermone,

211 3494 264 3568 ibi
280 3490 501 3581 adimplevit.
537 3486 637 3583 Usque
651 3491 691 3557 ad
705 3487 797 3578 legent
809 3492 892 3557 mim
902 3508 1057 3584 peccatum
1070 3496 1107 3558 in
1120 3491 1177 3559 lton
1190 3516 1284 3560 mun·

211 3595 270 3680 to,
298 3589 588 3665 deelinantem,
614 3587 712 3676 qnod
733 3588 781 3659 ibi
799 3587 1004 3664 evidentius
1021 3588 1194 3683 expuent.
1247 3589 1283 3662 Si

214 3711 305 3788 ergo
331 3693 438 3763 etiam
460 3689 518 3761 hic
536 3687 724 3780 jnngatnus
746 3685 848 3761 istum
870 3682 1099 3780 sermonem,
1133 3688 1167 3762 δι
1191 3690 1285 3762 dica·

163 3801 167 3808 ’
214 3812 313 3867 mus:
349 3791 448 3886 Usque
470 3790 510 3856 ad
532 3789 733 3879 legemuttt'm
755 3803 913 3881 peccatum
934 3783 1004 3860 erut
1027 3796 1065 3859 in
1088 3791 1145 3861 ltuc
1167 3793 1283 3860 munda

212 3906 414 3966 mortuum:
431 3904 588 3982 peccatum
601 3903 706 3956 nutem
720 3910 785 3957 nott
801 3895 991 3983 imputatur,
998 3912 1066 3959 cum
1081 3890 1132 3960 lex
1144 3914 1211 3960 tton
1228 3891 1280 3984 ιβ,

212 3992 301 4066 vide
323 3991 404 4083 quia
423 3992 563 4085 integre
585 3982 676 4061 sture
701 3989 846 4081 poterit·
857 3987 987 4066 sensui.
1037 3988 1108 4063 Sed
1135 3987 1168 4164 l}
1196 3988 1284 4064 illud

412 4123 417 4136 ¹
1154 4109 1233 4184 epe
