2825 4559
219 351 224 360 ’
250 326 329 447 ru
353 285 527 410 uersu,
551 321 632 402 nn
654 321 882 404 ronan.
907 321 1009 438 mn
1035 324 1109 406 vr.
1137 343 1233 429 2311
1330 266 1332 270 ²

170 492 220 570 Ei
235 490 301 574 ribi,
315 492 460 579 Domine,
466 489 611 586 justitia,
635 488 726 559 nobis·
739 504 844 561 autem
856 477 994 585 confu'fiu
1000 490 1113 584 faciei.
1139 490 1234 592 Qui!

167 591 246 685 est,
268 593 377 682 quiin
394 591 447 664 hir
464 591 584 670 verbis
600 610 730 686 negare
745 590 850 684 possit
863 593 1048 685 personam
1062 603 1235 685 peccato·

166 712 245 771 rum
270 714 289 764 a
309 692 463 766 Daniele
487 687 556 766 esse
579 687 794 783 susceptam,
825 711 894 785 pro
915 692 1043 783 quibua
1061 705 1232 784 tanquam
1295 775 1298 782 ,

166 812 236 892 pro
260 787 372 886 seipso
391 792 467 865 hec
487 790 609 865 dicere
632 787 822 864 videatur?
872 789 983 865 Unde
1003 792 1232 866 convenient

165 889 239 983 est,
265 883 510 986 neclegentes
529 888 620 968 dina
633 887 846 977 sannorum,
863 911 944 967 cum
961 892 1072 978 abeis
1085 893 1158 965 tale
1171 890 1234 965 ali·
1275 950 1278 968 .

165 988 251 1082 quid
270 992 340 1064 dici
356 980 534 1083 videmur',
551 989 799 1087 intelligere&
816 988 965 1084 sentire,
991 994 1073 1084 quia
1089 988 1231 1082 nostrae

155 1088 410 1187 'insemetipis
431 1089 604 1185 passioner
621 1088 815 1185 nostraque
829 1105 980 1189 peccata
1003 1088 1230 1165 describunt:

165 1191 199 1266 dt
216 1203 412 1285 propterea
429 1192 504 1265 haec
521 1192 572 1264 iili
587 1189 742 1278 deflent,
769 1206 810 1269 ut
832 1192 977 1268 iliorum
996 1183 1142 1269 fletibus
1159 1208 1231 1263 noe

164 1292 362 1370 invitemur
381 1289 424 1363 ad
440 1291 624 1391 lacrymas.
678 1289 961 1370 considerabant
976 1287 1092 1376 enim,
1119 1288 1233 1378 nemi,

163 1411 249 1471 nem
265 1391 315 1464 ita
330 1392 456 1468 durum
471 1389 505 1463 dr
521 1393 697 1487 ingratum
717 1388 818 1484 posse
832 1389 1011 1482 inveniri,
1038 1389 1118 1482 qui,
1145 1392 1230 1464 cum
1337 1459 1340 1465 .

165 1493 210 1566 ab
227 1492 302 1571 eliis
317 1491 440 1571 videat
454 1487 679 1592 vulnerasur
695 1491 832 1587 lugeri,
858 1489 931 1584 ipse
946 1491 1082 1569 nullum
1101 1490 1145 1564 de
1160 1486 1230 1563 suit

162 1592 376 1668 vulneribus
402 1584 537 1671 sensum
565 1589 703 1664 doloris
732 1591 894 1683 accipiat.
947 1587 1002 1667 lta
1025 1610 1113 1685 ergo
1134 1587 1168 1662 dt
1189 1587 1230 1665 in
1285 1623 1287 1632 ·

163 1688 326 1788 presenti
341 1688 732 1788 capitulodpostoius,
757 1685 803 1767 ne'
821 1690 898 1782 quia
912 1687 1072 1769 nostrum
1088 1684 1231 1788 erubes·
1310 1688 1312 1694 '

167 1805 266 1877 eeret
284 1791 328 1863 de
345 1791 422 1882 hia,
449 1811 526 1882 que
554 1790 647 1870 intra
669 1784 704 1867 se
732 1790 806 1886 geri
835 1788 1007 1882 sentiret,
1033 1788 1258 1864 autetiam.

136 1907 141 1914 “
165 1888 363 1967 conversus
379 1890 422 1968 ad
438 1889 651 1982 Dominum,
669 1890 702 1963 dr
718 1904 853 1968 mutata
865 1892 938 1983 jam
953 1892 1163 1976 voluntate,
1181 1906 1233 1964 ne

162 1981 241 2069 h'aec
257 1989 374 2067 adhuc
393 1992 486 2068 intra
503 1986 723 2083 semetipsum
739 1991 882 2072 moveri
898 1988 1053 2068 sentiens
1068 1987 1232 2083 despera·

161 2103 240 2173 ret,
265 2088 338 2182 ipse
356 2110 397 2169 ee
415 2089 509 2182 quasi
524 2088 763 2185 insemetipso
784 2092 860 2187 geri
874 2089 1075 2182 descripsit,
1102 2102 1144 2162 ut
1169 2108 1231 2166 ex·

163 2190 285 2282 emplo
312 2188 483 2283 Apostoli
507 2209 576 2270 nec
604 2193 770 2283 corporis
791 2205 927 2264 nature
949 2189 1085 2283 pudeat
1107 2208 1231 2281 quem·

162 2309 291 2383 quam,
318 2310 388 2369 uec
404 2291 745 2383 proemendatione
761 2289 946 2384 desperet,
964 2309 1035 2363 nec
1051 2290 1230 2380 malorum

161 2386 307 2468 suorum
326 2388 573 2468 multitudines
592 2392 759 2491 ignoret,
785 2411 832 2470 er
856 2390 984 2489 quibus
1010 2408 1075 2487 per
1100 2382 1231 2466 Christi
1275 2467 1277 2471 ,
1331 2447 1333 2450 ,

164 2491 511 2585 gratirmliberatur.
1298 2495 1319 2534 ·’

242 2610 299 2666 10·
327 2594 436 2686 Itaque
452 2614 502 2684 ego
518 2588 578 2687 ipse
592 2588 811 2676 montesecuro
825 2591 886 2683 legi
905 2591 986 2676 Dei,
1013 2611 1109 2659 carne
1122 2600 1230 2658 autent

163 2688 223 2781 iegi
237 2694 362 2781 peccari.
388 2688 501 2764 Forte
519 2691 644 2779 aliquis
663 2688 783 2781 dicet,
810 2686 909 2782 quod
925 2686 1143 2790 Apostolus,
1170 2686 1233 2777 qui

164 2807 263 2861 nunc
279 2786 388 2883 usque
404 2809 481 2865 non
499 2790 593 2886 quasi
610 2785 704 2884 ipse,
729 2788 788 2862 sed
807 2787 977 2883 assumpta
992 2787 1138 2864 alterius
1151 2805 1234 2881 per-

164 2886 253 2961 sona
270 2890 415 2966 locutus
434 2886 505 2987 est,
522 2890 635 2967 modo
651 2891 754 2967 velut
770 2888 930 2983 persone
944 2888 1235 2990 immutationem

165 2988 350 3083 designans
370 2989 485 3068 dicat:
514 2990 579 3082 Ego
594 2991 674 3084 epp„
700 3003 742 3063 ut
760 2988 943 3078 ostendat,
971 2987 1071 3082 hec,
1091 2985 1233 3078 quedi-
1300 2989 1304 2996 '

168 3089 280 3164 cenda
306 3087 409 3182 sunt,
446 3090 490 3164 ad
515 3088 661 3182 seipsum
689 3090 783 3164 idern
811 3086 1011 3185 Apostolus
1036 3087 1233 3180 pertinere.

167 3184 269 3259 Dicit
285 3205 424 3278 autern,
451 3190 533 3285 quia
549 3201 672 3262 mente
689 3189 821 3266 serviat
838 3190 906 3284 legi
922 3187 1011 3273 Dei,
1038 3206 1147 3261 carne
1173 3204 1235 3257 au·

169 3299 242 3359 tem
261 3287 330 3385 legi
348 3291 506 3384 peccati,
534 3288 627 3381 quast
651 3295 752 3363 tanta
774 3289 816 3366 stt
838 3285 1012 3383 peccandi
1029 3287 1106 3372 vie,
1133 3298 1234 3359 tanta
1308 3339 1311 3355 .

169 3387 286 3460 carnit
307 3391 490 3484 tyrannis,
507 3409 609 3481 quam
625 3410 695 3463 nec
713 3375 1033 3483 Apostoluepossit
1050 3384 1232 3481 effugere3

168 3486 412 3581 &propterea
429 3490 465 3562 in
481 3490 556 3563 aliis
573 3491 723 3585 dixerit,
750 3491 970 3580 quia'rnacero
992 3508 1100 3583 corpus
1118 3508 1231 3571 meum,
1321 3489 1324 3497 “

168 3586 208 3663 (5
220 3590 375 3677 seruituti
387 3588 532 3685 subjicio,
556 3613 597 3658 m
609 3589 717 3681 forie,
742 3615 809 3659 cum
824 3590 898 3661 aliis
910 3588 1157 3685 predicaverim,
1173 3588 1247 3682 ipse
1316 3591 1318 3598 ’

168 3690 310 3783 reprobus
329 3686 460 3778 fficio.
503 3688 573 3762 Sed
592 3689 669 3762 haec'
684 3691 743 3783 qui
761 3687 978 3785 ex‘petsona
995 3687 1164 3781 Apostoii
1179 3707 1236 3760 ac·

170 3790 259 3880 cipit
276 3788 383 3876 dieta,
412 3787 696 3881 desperationem
712 3791 798 3865 mihi
817 3790 963 3864 videtur
979 3791 1141 3860 incutere
1158 3807 1237 3863 om·

169 3891 207 3966 ni
229 3894 370 3986 anime,
398 3893 496 3981 quod
512 3909 619 3963 nemo
636 3888 679 3962 stt
694 3889 860 3985 prorsus,
880 3889 941 3982 qui
958 3908 1035 3963 non
1051 3900 1182 3981 peccet
1198 3888 1237 3958 in

171 4007 290 4068 carne.
318 3990 404 4067 Hoc
418 3989 469 4067 est
488 3990 583 4068 enim
599 4008 706 4066 carne
720 3990 858 4068 servire
872 3989 944 4089 legi
962 3988 1116 4091 peccati.
1142 3985 1238 4059 Mihi

670 4085 711 4171 U
737 4107 765 4192 4
1114 4103 1210 4183 erup
1335 4200 1340 4213 ,
