2825 4559
76 295 81 300 ⁵
185 324 262 426 3450
321 292 636 380 sonmo-tus
678 296 1085 382 COMME-NTAR.
1155 341 1157 346 ·

183 466 402 569 prophetiam,
418 460 726 559 flvemim‘fierium
754 459 829 537 ssve
852 465 987 556 reliquo
1013 466 1109 538 dona
1132 469 1259 562 gratit-

187 573 268 644 ium
281 567 449 654 secumdum
467 569 621 633 rationem
629 564 707 651 jidei
724 562 819 636 dari:
849 570 1011 658 quamvis
1036 563 1154 640 sermo
1176 567 1258 661 iste,

78 713 83 723 ·
151 717 155 740 ι
188 669 265 746 hoc
286 665 359 758 est,
382 664 551 751 secundum
567 678 722 734 rationem
730 665 831 753 fidei,
857 665 949 754 apud
966 665 1119 740 Latinos
1138 669 1257 741 minus

189 766 338 864 proprie
352 765 544 836 translatus
563 764 740 835 videatur.
792 775 973 859 mammea
991 765 1085 839 onim
1103 767 1138 838 in
1159 766 1259 839 Grae·
1333 777 1336 810 ¹

190 888 262 960 oo,
280 885 356 940 non
371 877 442 937 tam
458 866 569 954 ratio,
582 884 685 953 quam
699 862 860 936 mensura
877 857 1087 955 competens
1102 865 1174 938 dici
1194 887 1260 962 po·
1330 855 1335 964 ,l

188 965 279 1057 tem,
305 979 345 1036 nt
363 966 444 1058 quia
462 982 537 1036 uno
554 981 631 1035 noo
648 962 786 1056 potest,
804 963 944 1036 duobus
963 960 1186 1042 sermonibus
1200 977 1260 1040 ex·
1328 973 1332 1064 ξ

189 1055 357 1166 ῥίἰεεωτ.
399 1055 573 1135 Secundum
587 1062 762 1151 mmmmm
779 1082 868 1157 ergo
878 1066 956 1151 fider·
976 1064 1258 1157 uniuscujusque

190 1164 415 1248 diversitates
447 1162 771 1254 dari'pronunciat
797 1165 1013 1259 gratiarum,
1048 1179 1118 1254 ut,
1151 1168 1258 1240 vorbi
1326 1149 1330 1260 l

190 1259 316 1357 otiosa,
344 1275 493 1353 accepta
520 1263 597 1352 quis
625 1264 737 1360 gratia
761 1263 848 1334 illud
872 1264 930 1335 vel
957 1263 1043 1336 illu'd
1059 1267 1259 1341 membrum
1325 1263 1328 1334 .'

189 1361 228 1441 in
245 1361 373 1436 Christi
392 1357 555 1454 corpore'
568 1357 641 1435 fiat.
693 1359 742 1434 Et
758 1361 816 1434 hic
836 1363 978 1454 quidem
994 1367 1261 1457 meniummfidei

190 1463 327 1540 causam
344 1463 593 1554 capiendarum
613 1459 731 1553 posuit
746 1463 956 1557 gratiarum:
984 1463 1026 1534 od
1044 1461 1260 1541 Corinthios

191 1571 284 1639 'vero
308 1563 464 1634 scribent
487 1561 554 1633 ait:
596 1563 774 1658 Unicuique
795 1578 901 1633 ouiem
924 1563 1018 1632 datur
1040 1563 1259 1662 manifestatio

190 1655 335 1763 Spiritui
354 1663 393 1731 mi
411 1663 443 1732 id
457 1662 536 1756 qumi
550 1664 692 1755 exordire
720 1663 752 1733 ἀ
773 1660 854 1754 post
870 1682 981 1756 pauca
999 1662 1114 1738 addit:
1132 1669 1260 1739 ‘Omnia
1317 1677 1319 1682 '

125 1755 127 1760 ’
190 1757 295 1839 nutem
308 1777 455 1858 operatur
471 1786 554 1831 unus
569 1776 664 1858 atque
680 1764 758 1832 idem
777 1766 938 1854 Spiritui,
967 1763 1112 1832 dividens
1137 1772 1262 1836 unicui·
1318 1803 1320 1810 ·

108 1915 117 1931 ,
190 1891 248 1964 que
266 1862 463 1958 promouit.
517 1857 627 1932 Unde
646 1862 731 1934 mihi
749 1862 894 1934 videtur
919 1875 989 1935 tom
1010 1862 1053 1934 ad
1071 1861 1261 1960 Romanos
1316 1853 1318 1922 ἒ

191 1973 296 2058 qu'rm
321 1960 364 2032 ad
387 1957 603 2035 Corinthios
628 1958 807 2051 scribens,
834 1976 907 2034 tres
933 1962 1114 2054 capiendo
1136 1975 1260 2060 gratiae

189 2063 322 2140 modos
340 2061 495 2146 docere,
521 2071 562 2129 ut
585 2079 629 2142 ox
653 2059 760 2132 nobis
781 2062 819 2133 in
844 2082 890 2131 eo
914 2063 967 2158 agi
993 2061 1123 2154 aliquid
1141 2063 1260 2140 osten·

189 2163 279 2252 dat,
313 2161 502 2252 plurimum
525 2170 645 2230 tamen
670 2159 705 2230 in
736 2158 807 2231 Dei
834 2161 1027 2256 largitione
1055 2163 1261 2256 constitere.

190 2259 301 2335 Ponit
320 2280 407 2355 ergo
426 2257 458 2330 &
475 2257 652 2345 mensuram
658 2261 739 2349 fidei
757 2258 847 2352 elie,
874 2279 939 2353 per
956 2280 1058 2350 quam
1085 2266 1164 2353 quis
1185 2261 1259 2364 gr't·

190 2363 276 2436 tiam
302 2363 418 2452 capit:
444 2360 552 2452 ponit
573 2358 605 2429 ἃ
626 2361 667 2430 oi
685 2357 718 2428 ii
734 2362 813 2455 qimi
829 2363 952 2454 expedit
969 2359 1066 2432 dari:
1091 2365 1125 2434 δι
1151 2363 1255 2450 Smri·

192 2453 268 2536 t'um
283 2459 445 2532 dividere
461 2473 556 2554 prout
570 2459 655 2530 vult.
698 2458 754 2531 Ut
771 2480 859 2554 ergo
876 2472 974 2531 tanto
993 2459 1029 2531 in
1046 2465 1153 2535 nobis
1170 2461 1258 2539 fidos
1305 2455 1309 2554 ξ

189 2553 416 2650 inveniatur,
452 2571 584 2649 quanta
609 2557 713 2651 polirt
735 2556 974 2632 sublimiorem
998 2562 1145 2655 gratiam
1171 2585 1255 2657 pro·

188 2662 336 2740 mereri,
364 2655 476 2731 nostri
496 2657 618 2749 operis
637 2658 828 2732 videtur&
846 2657 970 2731 studii:
1003 2674 1045 2728 ut
1069 2675 1190 2736 autem
1215 2664 1257 2738 od

144 2774 148 2783 '
189 2753 447 2847 iddeturquod
459 2757 658 2850 expedit,&
678 2759 767 2830 utile
785 2760 825 2833 stt
843 2759 1056 2851 accipienti,
1084 2759 1154 2834 Dei
1166 2765 1257 2855 judi·

189 2862 283 2932 oium
302 2856 371 2941 est;
401 2857 458 2926 vel
475 2857 626 2928 omnino
643 2856 668 2930 st
685 2859 883 2947 darivelit‚
908 2855 1038 2950 inipso
1057 2858 1119 2934 est.
1163 2863 1254 2938 ldeo

133 3003 140 3012 ·
189 2957 281 3034 &in
298 2958 372 3028 aliis
389 2958 482 3027 idem
502 2953 701 3045 Apostolos
716 2957 821 3030 dicit:
849 2959 949 3028 Num
973 2975 1077 3028 mrem
1103 2963 1189 3032 Deus
1205 2986 1255 3059 pm

183 3059 252 3152 suit
267 3064 304 3127 im
323 3078 444 3151 corpore
460 3057 697 3152 unumquodque
712 3059 877 3128 membrum
888 3075 983 3154 prout
999 3058 1086 3133 vuit.
1119 3060 1253 3138 Voluit

187 3171 306 3232 tutem
325 3156 425 3228 Deus
436 3154 604 3244 secumdum
620 3165 774 3227 rationem
792 3160 851 3231 vel
865 3157 1150 3250 menstromfidei‚
1179 3183 1255 3254 qum

185 3257 237 3333 est
256 3260 292 3330 in
309 3256 439 3343 nobis;
468 3254 527 3326 vel
541 3256 661 3327 voluit
680 3259 722 3328 mi
739 3260 773 3328 ii
785 3260 865 3352 quoi
880 3262 1015 3354 expetiit.
1055 3259 1131 3333 Nisr
1152 3261 1253 3342 forte
1294 3301 1298 3344 ι

184 3359 236 3432 ita
253 3356 375 3449 aliquis
394 3357 427 3428 ἃ
445 3353 519 3427 hoc
537 3356 628 3427 velit
645 3358 866 3454 intelligere,
898 3364 984 3430 Dour
1003 3359 1107 3454 posuit
1132 3365 1170 3430 in
1187 3389 1254 3435 cor·

180 3479 255 3556 porr
279 3455 519 3551 unumquodque
541 3453 710 3527 membrum
732 3475 826 3551 prout
851 3459 976 3545 voluit,
1010 3472 1050 3531 ut
1075 3462 1183 3532 voluit
1209 3464 1253 3538 ad

182 3561 348 3630 memimm
365 3556 474 3650 magis
492 3552 694 3649 referatur,
720 3558 794 3630 hoc
814 3556 877 3651 est,
891 3576 988 3654 prout
1003 3559 1125 3650 voluit,
1138 3577 1268 3652 prout.
1296 3597 1298 3612 =

116 3651 127 3664 ”
182 3659 311 3753 elegit,
339 3667 451 3752 prout
474 3672 620 3746 operam
647 3657 766 3751 dedit3
793 3679 839 3730 ne
854 3657 1020 3734 videatur
1040 3658 1085 3731 de
1100 3660 1249 3736 homine

150 3815 153 3820 Δ
179 3758 314 3831 arbitrii
332 3751 488 3850 potestas
506 3752 647 3828 auferri.
688 3758 947 3832 Verumtamen
965 3780 1010 3831 ex
1027 3757 1120 3850 hoc,
1148 3761 1248 3854 quod

177 3858 226 3929 tit
245 3857 316 3927 dari
332 3856 479 3948 gratiam
497 3854 538 3923 mi
551 3855 585 3922 id
601 3857 681 3951 qood
697 3860 839 3952 err-perir,
865 3857 985 3950 potest
999 3854 1099 3950 fieri,
1126 3872 1169 3934 ut
1185 3861 1247 3936 etst

75 4016 94 4050 r,
161 3957 210 4074 irc
233 3958 272 4034 in
306 3957 427 4052 aliquo
454 3951 615 4056 mensuro
634 3951 726 4070 'fidoi
751 3970 871 4052 tanto,
904 3977 982 4052 qoae
1007 3957 1246 4040 excelfiorem
1295 3961 1298 4016 t

555 4101 618 4184 χῖ,
703 4095 707 4104 ”
804 4116 810 4122 ·
897 4143 901 4150 .
1111 4043 1296 4197 8ξῆ,ιῖ
