2825 4559
208 257 272 395 nu
297 271 470 396 uersu.
500 305 579 407 ru
603 247 967 388 ROMAN.··L113.
993 309 1068 390 1u.
1111 319 1202 412 περ

123 481 278 558 truditur
296 465 514 578 memoretur
530 473 568 545 iu
584 469 765 546 mortemi
796 467 934 548 Neruii
952 475 1060 548 nobis
1079 437 1199 592 ‚liqui

124 580 263 655 rursum
277 575 428 649 societas
442 594 524 646 curn
538 586 708 665 peccato,
719 584 779 643 aut
796 573 948 645 amicitia
965 578 1049 668 fiet,
1077 574 1195 650 osten,

126 683 265 769 dimus,
283 677 390 768 quod
403 675 503 747 nihili
519 672 688 745 ducemus
702 688 859 744 mortem
875 671 1008 750 Christi
1021 671 1196 767 Jeiu‚am·

125 777 327 876 pieiien'ter
348 771 584 864 &sequentes
599 792 660 862 ee,
686 791 764 863 que
779 771 840 848 ille
855 776 1076 868 expugnavit
1093 775 1126 847 δι
1143 775 1197 846 vi·

127 883 192 953 cit.
242 875 354 968 idque
375 887 494 946 totum
517 873 614 946 simul
640 868 860 944 conneiiens
875 871 1095 966 Apostolus,
1121 879 1198 948 t'rn·

128 997 237 1073 quem
252 976 385 1068 corpus'
404 970 516 1066 ipsum
530 972 691 1064 peccati,
719 970 964 1046 indumentum
980 979 1117 1047 veteris
1131 975 1199 1048 iro·

128 1081 236 1155 minis
252 1076 468 1169 appellavit,
495 1071 594 1164 quod
616 1071 872 1163 deponendum
891 1068 1013 1146 suadet
1031 1074 1108 1166 his,
1135 1074 1198 1166 qui
1301 1091 1304 1100 ·

129 1177 285 1252 credunt
300 1178 351 1255 ei,
379 1175 437 1263 qui
453 1169 632 1244 suscitavit
649 1169 845 1244 Dominum
861 1169 976 1265 lesum
994 1194 1013 1245 a
1030 1175 1198 1266 mortuis,

129 1293 174 1351 ut
198 1272 337 1367 abieiio
357 1275 568 1344 indumento
589 1267 766 1361 injustitie
781 1269 930 1344 induant
945 1270 980 1345 se
996 1271 1198 1348 Dominum

129 1376 250 1475 Jesum
259 1427 272 1466 ,
290 1377 349 1464 qui
364 1371 416 1445 est
432 1391 558 1445 verum
572 1370 712 1459 iustitie
727 1370 994 1463 indumentum,
1010 1385 1051 1445 ut
1064 1375 1198 1446 merito

130 1475 363 1572 credentibus
381 1470 469 1545 fides
486 1471 528 1543 ed
540 1469 708 1561 justitium
723 1484 922 1563 reputetur.
979 1469 1132 1545 Traditus
1157 1472 1198 1568 esi

132 1568 1201 1769 {iissrrritzi‘0‘ritii'i’ciiriiiiirri'iiiiii

400 1727 410 1747 ·
1184 1724 1199 1764 r

137 1778 197 1868 qui
211 1761 261 1846 est
274 1771 426 1864 iustitia,
441 1769 486 1842 ’δι
502 1773 539 1841 in
554 1772 722 1841 novitate
737 1769 822 1864 uite
837 1769 1075 1867 ambulamus,
1102 1771 1136 1846 ἀ
1151 1769 1203 1844 ie-

135 1874 292 1947 eundum
306 1871 476 1964 J‘ustitiaru
490 1870 667 1961 vivimus,
693 1866 849 1943 surrexit
866 1873 972 1946 nobis
989 1869 1145 1947 Christus
1158 1871 1204 1945 ad

129 1969 423 2069 justificationem
439 1968 607 2042 nostram.
634 1969 778 2043 sivero
794 1973 955 2046 nondum
974 1972 1202 2066 deposuimus

133 2092 300 2174 ueterem
324 2072 506 2144 hominem
531 2086 613 2142 eum
635 2067 769 2143 eiiibus
790 2067 880 2163 suis,
903 2071 965 2146 -ied
981 2077 1017 2145 in
1035 2072 1203 2167 injustitie

134 2175 315 2261 vivimus,
345 2170 462 2242 audeo
477 2170 619 2259 dicere,
638 2169 737 2260 quod
752 2170 914 2244 nondum
930 2175 1034 2246 nobis
1051 2171 1206 2245 resurre-

134 2277 191 2348 xit
209 2271 366 2344 Christus
387 2271 429 2343 ad
443 2265 757 2360 justificationem,
783 2289 851 2344 nec
865 2273 1014 2345 traditur
1031 2271 1082 2345 est
1097 2291 1206 2366 prop·

135 2389 194 2446 ter
215 2385 364 2464 peccata
381 2367 512 2441 nostra.
567 2366 601 2439 Si
628 2370 723 2442 enim
751 2368 825 2441 hoc
850 2373 981 2459 credo,
1016 2373 1205 2463 quomodo

135 2473 227 2546 iilud
246 2489 347 2560 rme,
365 2488 433 2561 pro
451 2487 525 2559 quo
543 2467 604 2539 ilie
618 2469 767 2560 pertulit
780 2470 963 2546 mortem?
990 2471 1025 2545 Si
1041 2474 1113 2547 hoe
1129 2489 1207 2547 cre·

138 2576 212 2664 do,
232 2569 331 2661 quod
348 2570 408 2640 iile
426 2568 468 2640 ed
483 2564 773 2659 justificationem
786 2587 901 2643 meam
916 2566 1088 2663 surrexit,
1115 2589 1205 2663 quo·

137 2673 253 2754 modo
271 2669 355 2742 mihi
371 2667 538 2760 injustitia
556 2664 715 2760 pliceti·
733 2662 906 2761 justificat
919 2691 1006 2766 ergo
1023 2691 1088 2746 eos
1105 2669 1208 2762 Chri·

138 2772 211 2846 stus
228 2768 499 2858 tautummodo,
519 2767 578 2858 qui
594 2769 732 2839 noveni
745 2769 854 2841 vitem
871 2773 1040 2861 exemplo
1056 2769 1209 2846 resurre-

140 2872 268 2945 irionis
285 2867 388 2958 ipsius
409 2865 654 2961 susceperam,
681 2866 715 2938 &
738 2866 878 2942 vetusta
899 2867 1075 2962 iniustitiae
1097 2885 1207 2963 arque

139 2971 337 3062 iniquitatis
359 2970 567 3039 indumenta
592 2968 695 3039 velut
716 2965 854 3042 causam
878 2972 1006 3044 mortis
1026 2973 1232 3062 abjiciunt.-

142 3070 214 3144 Sed
232 3068 319 3141 iilud
332 3070 443 3140 velim
462 3066 664 3157 requirere,
690 3063 713 3139 fi
731 3088 797 3156 pro
816 3067 890 3142 hoc
905 3067 984 3144 solo
1002 3072 1089 3144 dicit
1106 3071 1208 3165 Apo.-

143 3169 278 3261 stolus,
306 3168 387 3256 quia
402 3166 801 3262 non-proprerAbrairern
815 3170 916 3255 solum
927 3171 1079 3266 [criptum
1095 3170 1146 3265 esi,
1154 3172 1208 3260 sed

143 3273 184 3347 (5
194 3287 322 3368 propter
338 3293 413 3354 nor,
442 3267 539 3359 quod
562 3266 669 3339 dixitr
699 3270 844 3338 Credidit
865 3269 1028 3341 Abraham
1054 3276 1140 3363 Deo,
1167 3271 1208 3348 θ’

144 3386 327 3466 repararem
340 3367 379 3463 ιβ
393 3369 445 3437 iiii
460 3369 500 3436 ad
509 3366 680 3463 justitiam.
709 3364 883 3454 Putasne,
909 3365 1004 3443 solus
1018 3371 1076 3441 hic
1092 3367 1210 3446 sermo

142 3491 191 3545 ex
210 3469 401 3558 omnibus,
428 3487 506 3557 qure
526 3467 693 3538 dicuntur
711 3467 756 3539 de
772 3466 972 3555 Abraham,
999 3487 1075 3542 non
1094 3467 1209 3548 solum

141 3573 296 3665 propter
312 3569 432 3653 iilum,
459 3562 518 3637 sed
531 3566 569 3637 ἃ
584 3580 734 3669 ρτορρεῐ
750 3585 818 3639 nos
833 3563 984 3660 scriptus
1001 3567 1079 3642 esti
1105 3570 1163 3643 An
1175 3570 1210 3642 δι

146 3671 344 3759 eiiaeiiqmr
362 3667 580 3739 videbuntur
598 3684 673 3740 non
692 3662 806 3738 solum
830 3683 981 3761 propter
1004 3671 1124 3762 iilum,
1139 3668 1212 3742 -sed
1285 3714 1288 3719 ·

145 3770 182 3844 δι
197 3769 348 3863 propter
363 3783 433 3839 nos
449 3762 606 3857 script'ai
633 3765 692 3837 An
709 3779 808 3837 certe
824 3755 964 3861 binnie,
983 3789 1059 3860 quae
1074 3765 1119 3842 de
1132 3766 1210 3863 ipio

132 3869 334 3954 dicuntur,
360 3885 435 3939 non
460 3864 505 3936 de
526 3862 603 3956 ipio
624 3861 723 3956 solo,
751 3861 809 3936 sed
829 3868 1068 3960 &pronubis
1088 3870 1212 3966 dicun}

145 3963 232 4042 tuti
248 3961 405 4122 ΙΕῑυοῐι
420 3963 535 4044 [oium
550 3961 812 4070 reuberiana,
830 3961 899 4042 sed
916 3969 1022 4064 vide,
1048 3968 1209 4140 negare
