2825 4559
134 333 157 376 .·
260 313 342 394 ‘ru
371 237 1118 436 rarsr.rnuuuru.i.ra.1x.
1169 321 1273 407 rra·

172 477 228 554 [ιε
245 476 387 572 praeest)
409 481 501 553 duos
518 479 685 552 denarios
703 481 794 553 novi
815 497 857 551 ac
879 481 1010 552 veteris
1020 476 1253 587 Testamenti

174 581 217 652 ad
236 578 366 653 nostras
382 575 475 652 curae
494 579 664 654 conceisrt
679 576 860 672 expensas.
886 578 995 654 Hunc
1014 599 1104 674 ergo
1120 577 1240 672 proxi·

172 700 268 753 mum
286 679 527 776 lidiligamus,
553 693 698 752 omnem
716 682 830 775 lcgem
847 681 879 752 dr
896 678 1062 753 universa
1075 675 1242 752 mandata

171 783 210 852 in
232 779 336 873 ipssus
359 801 482 856 amore
508 781 742 871 complemus.
787 784 879 850 dinis
900 786 1013 859 enimi
1048 789 1074 847 is
1093 777 1258 874 chrislus,

170 882 211 950 ad
225 881 385 976 justitiam
399 888 485 950 omni
500 887 656 950 credmri:
681 900 751 952 nec
773 876 850 954 fieri
876 881 953 952 ullo
974 805 1078 973 pango
1101 874 1237 972 potest,

170 992 212 1050 ut
229 981 288 1070 qui
304 1002 348 1051 ex
365 994 449 1054 toto
468 979 581 1052 corde
599 979 631 1052 dt
653 1001 697 1051 err
713 984 802 1052 totis
822 977 1017 1053 visceribus
1035 978 1102 1053 suis
1122 977 1238 1072 diligit

169 1077 370 1169 Christum,
403 1079 510 1152 faciat
533 1080 662 1170 aliquid
687 1082 786 1171 quod
808 1100 886 1152 nou
913 1082 1051 1174 placeat
1074 1075 1233 1153 Cutisto.

169 1179 387 1252 illumenim
408 1183 466 1270 qui
482 1181 614 1276 diligit,
640 1200 716 1251 non
736 1179 849 1253 solum
868 1201 944 1254 non
960 1180 1119 1271 occidit,
1132 1176 1234 1273 quod

166 1277 337 1372 prohibet
353 1280 436 1368 lex,
462 1278 520 1352 sed
537 1299 607 1352 nec
622 1278 781 1352 irascitur
797 1280 896 1352 fratri
914 1277 988 1356 suo.
1017 1281 1091 1454 (Ξυί
1106 1281 1157 1353 ita
1174 1277 1235 1352 de·

167 1375 317 1451 letlatur
335 1380 399 1452 illo
418 1397 522 1471 quent
540 1380 675 1474 diligit,
701 1399 778 1452 non
797 1378 911 1456 solum
934 1401 1011 1454 non
1047 1379 1118 1453 acit
1136 1377 1234 1454 adul-

167 1480 321 1567 terium,
355 1478 413 1552 sed
439 1500 507 1552 nec
530 1482 715 1556 mulierem
742 1479 884 1571 respicit
908 1481 950 1553 ad
975 1475 1234 1572 concupiscen-

113 1606 124 1621 ³
167 1579 273 1665 dum,
300 1576 358 1651 sed
383 1578 470 1651 dicit
492 1580 535 1652 ad
557 1580 670 1672 ipsum
694 1580 820 1670 magis:
854 1581 1045 1673 concupiscit
1068 1581 1106 1656 d
1128 1579 1259 1667 deficit*

166 1684 278 1749 anima
295 1702 361 1748 mea
379 1683 418 1748 in
442 1685 542 1750 Darem
556 1687 682 1754 viuum.
710 1681 782 1774 Qui
800 1680 912 1775 diligit
931 1680 1121 1769 Christum,
1140 1698 1232 1770 quo·

166 1780 280 1851 modo
306 1778 352 1850 de
374 1778 476 1852 furto
501 1782 660 1873 cogitet,
687 1781 746 1869 qui
764 1780 869 1855 etiam
893 1779 951 1853 sua
972 1782 1112 1867 omnia,
1139 1797 1232 1870 quo·

154 1898 319 1967 cumque
335 1880 466 1971 habet,
492 1881 677 1970 relinquit,
687 1892 728 1950 ut
744 1877 910 1970 sequatur
925 1878 1125 1956 Christum?
1152 1878 1229 1976 Qul

165 1975 340 2066 Christum
367 1979 500 2074 diligit,
537 1978 682 2071 quando
709 1978 828 2053 falsum
855 1978 1097 2056 testimonium
1123 1977 1230 2066 diclt,

164 2096 244 2149 cum
267 2077 351 2152 sciat
377 2080 488 2171 ipsum
510 2100 616 2172 quem
639 2079 754 2175 diligit
776 2077 864 2153 falso
884 2079 1093 2155 testimonio
1108 2079 1231 2174 prodi·

163 2175 269 2251 tum?
315 2177 525 2253 Nccellario
538 2185 662 2254 'autem
683 2181 743 2271 qui
762 2180 875 2276 diligit
887 2177 1087 2273 Christum,
1115 2178 1231 2274 diligit

164 2276 417 2367 &proximum
434 2278 544 2354 suum.
601 2280 687 2352 Hoc
713 2281 805 2353 enim
833 2277 912 2354 solo
937 2282 1073 2360 iudicio
1099 2275 1230 2354 Christi

164 2372 232 2445 elic
259 2376 446 2468 discipulus
473 2379 693 2473 designatur,
720 2378 744 2451 sr
771 2380 982 2456 charitatem
1004 2402 1085 2456 eum
1109 2378 1232 2475 proxi·

161 2474 228 2548 mis
244 2473 385 2550 habeat.
438 2475 586 2552 Certum
611 2477 662 2550 est
685 2478 802 2567 enlm,
830 2480 928 2574 quud
947 2483 1007 2575 qui
1024 2501 1101 2556 non
1116 2479 1231 2578 diligit

162 2576 386 2668 proximum,
411 2576 768 2653 nesciatChristum.'
920 2611 923 2616 ·
1158 2660 1161 2666 ,

206 2761 209 2765 ι
238 2695 297 2767 32.
328 2677 374 2746 Er
393 2678 450 2748 lroc
464 2678 598 2764 [cientes
617 2693 752 2773 tompus,
778 2684 929 2775 quoniam
945 2680 1024 2752 liora
1047 2678 1087 2776 epi
1103 2682 1174 2777 jorn
1192 2678 1229 2750 dr

163 2772 266 2860 p‘omrm
285 2774 422 2868 surgere.
475 2773 576 2851 donc
590 2783 674 2856 enim
688 2783 812 2874 propior
829 2780 868 2877 efl
885 2780 989 2872 nolito
1001 2780 1109 2869 saites,
1135 2789 1231 2877 qrroln

113 2965 118 2974 .
162 2898 230 2944 rum
246 2881 442 2954 credidimun
468 2880 547 2950 Nox
562 2876 730 2974 praeceffit,
750 2883 813 2951 dies
826 2896 932 2951 autem
946 2885 1230 2979 appropinquavit.
1261 2945 1263 2950 .

127 3035 145 3060 .-
163 2975 358 3074 Ahjiriamrrr
380 3002 449 3071 ergo
468 2999 560 3072 opero
584 2980 803 3060 tenebrarum,
827 2986 994 3053 induamus
1011 2999 1116 3051 autem
1138 3004 1230 3050 orma

161 3077 255 3163 lucis,
276 3078 357 3171 ficut
379 3085 416 3148 in
432 3080 480 3149 die
494 3077 614 3173 honeste
628 3081 826 3152 ambulemus.
868 3080 959 3155 Cum
976 3080 1057 3174 post
1072 3082 1147 3154 illas
1165 3078 1231 3154 dis·

158 3167 362 3266 lertiones,
389 3199 475 3269 quas
493 3181 553 3251 vel
570 3180 614 3252 de
630 3178 827 3271 Gentibus,
845 3185 904 3254 vel
922 3182 966 3253 de
983 3182 1111 3276 Judaeir
1129 3180 1231 3273 Apo·

163 3274 276 3348 stolus
303 3274 515 3369 prosecutus
538 3278 611 3371 est,
643 3278 896 3360 introduxillct
927 3286 1033 3354 etiam
1058 3282 1233 3358 moralem

162 3376 308 3465 locum,
336 3398 409 3468 quo
423 3380 532 3473 magis
547 3399 588 3450 ac
605 3382 716 3475 magis
738 3383 919 3454 auditores
937 3383 1064 3453 incitet
1083 3382 1125 3455 ad
1143 3402 1232 3456 con·-
1270 3389 1273 3400 '

163 3475 391 3568 versionem,
409 3478 619 3564 ¹introducit
634 3500 732 3552 nunc
749 3482 855 3554 etlam
873 3496 1125 3578 perurgentem
1143 3495 1234 3558 tem·

164 3578 265 3669 poris
283 3576 480 3668 rationem,
507 3578 605 3668 quod
623 3577 674 3650 est
688 3581 724 3651 in
740 3583 847 3655 rebus
865 3584 1031 3663 omnibus
1048 3573 1256 3658 summum'

163 3676 288 3749 Nemo
314 3677 408 3749 enim
436 3680 484 3749 ita
507 3675 755 3752 somnolentus
781 3680 933 3776 &piger
955 3680 1026 3771 est,
1054 3683 1235 3774 quemad·
1274 3677 1292 3700 ’

169 3777 350 3847 venientis
379 3775 447 3849 diei
473 3797 548 3849 non
565 3780 710 3850 ''exciret
734 3781 897 3866 claritas,
925 3782 1032 3854 &cui
1049 3782 1246 3862 formulis·
1280 3869 1282 3874 ,

167 3873 303 3946 infusus
320 3896 397 3948 non
417 3879 552 3968 aperiat
563 3874 751 3971 aspertum.
804 3877 865 3953 Est
884 3902 971 3976 ergo
988 3885 1094 3957 etiam
1110 3885 1237 3959 animae

164 3971 312 4052 somnus
332 3978 484 4071 quidam.
535 3978 573 4054 st
589 3978 685 4060 onim
704 3980 855 4081 ittotai,
882 3995 924 4058 ut
942 3981 1033 4079 [προ
1050 3986 1123 4080 jam
1146 3982 1239 4059 dixi·

195 4093 201 4116 '
496 4075 506 4098 ⁹
668 4076 789 4182 GU
1099 4100 1213 4170 wls,
1268 4083 1299 4182 .'
