2825 4559
203 363 257 488 et
376 341 1093 472 ortoeutsconnnnrnn.
1207 419 1211 428 ·

111 537 117 544 ⁸
175 537 179 550 ¹
210 551 379 648 splendor
391 556 513 651 glorie
524 553 634 630 Filius
645 569 855 652 generatur,
881 556 981 647 cujus
996 556 1274 648 participatione

211 674 339 730 omnes
362 667 534 727 ereatura
551 657 708 750 gloriam
731 658 865 729 habere
894 655 1082 729 dicuntur:
1108 653 1196 728 lrcut
1228 655 1274 728 de

210 753 290 854 hia,
317 754 376 846 qui
400 775 444 827 ex
466 753 726 832 resurreetione
746 753 846 841 sunt,
869 752 1051 847 scribiturr
1078 758 1154 828 Alia
1171 755 1274 846 gloria

206 853 305 946 lolia,
321 855 387 926 alio
397 856 499 949 gloria
515 856 617 941 luna,
632 856 700 928 alia
716 857 816 949 gloria
826 854 1003 952 stellarum.
1030 855 1135 925 Stella
1152 880 1172 925 a
1186 853 1276 949 tillia

212 953 385 1046 dijiertin
405 955 518 1047 gloria.
567 955 673 1030 Hanc
699 975 786 1052 ergo
805 955 977 1050 gloriam,
1002 974 1079 1045 quae
1096 973 1140 1026 ex
1161 951 1277 1025 resur.

211 1051 375 1130 rediere
399 1051 472 1145 est,
500 1055 560 1146 qrri
584 1055 794 1146 requirunt,
823 1053 855 1126 dr
880 1055 1060 1128 honorem
1093 1053 1126 1124 dr
1154 1055 1278 1128 iocor»

177 1154 457 1246 ‘ruptionem
472 1154 559 1225 illud
583 1152 656 1227 stne
676 1155 788 1230 dubio
814 1154 1022 1244 invenient,
1050 1152 1148 1242 quod
1172 1150 1279 1246 scrip·

213 1265 291 1329 tum
315 1251 384 1326 est:
421 1256 611 1328 Seminotttr
630 1274 739 1348 corpus
759 1260 795 1322 in
815 1258 985 1346 ignominia
1022 1253 1129 1346 surget
1151 1254 1278 1346 imglo.

214 1359 288 1428 m:
315 1352 495 1442 seminatur
520 1359 558 1424 in
581 1361 801 1445 corruptione,
831 1353 938 1446 surget
966 1300 1006 1424 iri
1028 1355 1277 1445 incorruptione.

212 1449 264 1550 Et
282 1452 367 1528 ideo
382 1449 569 1542 inquilltor
589 1453 691 1544 hujus
705 1455 848 1548 gloriae,
865 1453 1086 1540 dhonene,
1107 1453 1140 1523 dt
1157 1455 1279 1540 inicor-

166 1555 170 1562 “
211 1552 393 1644 ruptionis
410 1573 473 1644 per
489 1553 697 1648 patientiam
716 1553 803 1626 boni
823 1553 944 1645 operia
961 1555 1071 1626 vitam
1092 1549 1279 1640 consequi·

213 1663 276 1722 tur
299 1664 479 1726 uternam.
532 1653 671 1726 Verum
691 1653 772 1743 quia
791 1651 990 1748 degloria,
1014 1659 1057 1728 ut¹
1078 1649 1277 1742 potuimus,

214 1745 449 1842 discullrmus,
475 1750 660 1825 videamus
692 1753 776 1840 quid
800 1752 980 1826 &honor
1005 1753 1165 1837 indicet,
1198 1754 1280 1840 quia
1322 1797 1327 1803 -

215 1849 277 1937 qui
298 1849 529 1924 adaeternam
544 1851 654 1940 vitam
673 1849 859 1940 festinant,
886 1871 963 1924 nou
981 1849 1093 1924 solum
1115 1850 1281 1945 gloriam,

214 1945 276 2025 sed
297 1948 528 2024 &honorem
553 1965 728 2042 querunt.
777 1949 959 2044 Scriptum
982 1949 1051 2035 est,·
1080 1953 1160 2041 quia
1178 1950 1280 2036 domo,

215 2072 284 2120 tum
301 2055 338 2117 in
357 2049 473 2120 tumre
484 2047 577 2145 effer,
603 2075 669 2120 non
687 2050 850 2122 intellexit
857 2072 870 2135 ‚·
895 2068 1091 2144 comparatus
1105 2050 1143 2146 est
1155 2053 1281 2145 jumen·

216 2153 263 2219 tis
278 2149 523 2242 infipietttibu‘s,
549 2153 584 2226 Θ
603 2149 715 2243 fimitis
723 2149 833 2238 fotius
851 2149 891 2246 esi
907 2151 985 2223 illis.
1039 2150 1178 2247 Quaerit
1192 2169 1281 2243 ergo

214 2249 316 2322 illum
340 2249 520 2322 honorem
548 2268 653 2339 quem
673 2249 828 2324 habebat
846 2262 1035 2338 antequam
1058 2268 1283 2339 comparare·

128 2389 131 2394 -
216 2359 277 2418 tor
295 2347 467 2438 iumentis
490 2347 758 2440 insipientibus,
786 2349 820 2419 id
846 2347 918 2434 est,
944 2348 1066 2437 illum,
1091 2361 1198 2438 ‘quem
1222 2349 1283 2421 ha·

215 2445 395 2542 hebroini
411 2446 571 2539 paradiso
591 2463 779 2538 antequam
798 2459 984 2542 peccaret,
1012 2448 1189 2519 honorem
1208 2465 1282 2535 quo

215 2542 289 2618 Dei
310 2563 442 2620 vocem
459 2547 666 2624 merebatur·
680 2549 821 2633 audire,
847 2547 1024 2624 honorem
1042 2567 1115 2638 quo
1135 2544 1283 2638 paradise

217 2642 442 2723 fruitibuadt
463 2649 561 2741 ligno
577 2647 663 2720 vitae
682 2647 879 2721 fruebatur.
932 2645 1000 2718 Sed
1020 2646 1167 2736 &illud
1184 2644 1282 2736 quod

217 2743 307 2822 dicit
330 2744 547 2842 Apostolus:
575 2749 709 2818 Reddita
731 2749 874 2816 omatibus
897 2747 1024 2829 debitat
1049 2752 1099 2816 cui
1121 2747 1281 2832 honorem,

217 2845 386 2925 umorem,
411 2845 454 2915 ad
477 2844 552 2918 hoc
568 2847 652 2920 milri
675 2844 853 2936 respicere
875 2845 1030 2920 videtur.
1084 2841 1165 2940 Ego
1189 2848 1284 2921 eninr

144 2995 147 3000 ·
215 2941 265 3022 fic
286 2942 449 3039 intelligo
475 2944 654 3017 honorem
682 2944 843 3021 debitum
870 2942 970 3016 'reddi
998 2940 1106 3033 Deo,
1134 2941 1157 3016 s1
1183 2941 1282 3042 quod

181 3115 184 3120 .
217 3043 369 3116 debetur
384 3041 525 3134 justitiae
542 3042 732 3131 reddatur,
761 3041 896 3114 &nihil
916 3062 960 3114 ex
979 3041 1052 3133 ejus
1069 3057 1172 3137 parte
1192 3045 1282 3130 inju-

215 3140 319 3218 stitiae
341 3142 582 3216 concedatur:
608 3141 814 3244 similiter&
831 3141 976 3213 veritati
994 3141 1017 3216 lr
1035 3162 1110 3231 que
1130 3141 1188 3214 sua
1201 3138 1282 3216 sunt

214 3241 496 3330 ita'teddantur,
523 3253 564 3312 ut
580 3241 668 3318 nihil
687 3261 732 3314 ex
752 3241 826 3336 ejus
845 3241 1005 3334 partibus
1024 3241 1214 3317 mendacio
1229 3261 1284 3313 re·

215 3341 419 3430 linquatur:
445 3338 820 3433 sapientioremque,
848 3342 882 3410 lla
909 3341 1152 3433 innocentie,
1179 3342 1283 3414 boni.

218 3443 356 3530 tutique
372 3436 394 3511 sr
411 3438 460 3514 ita
478 3439 688 3529 reddamus,
707 3460 784 3532 quae
802 3437 859 3514 sua
877 3441 977 3526 lunt,
996 3454 1037 3518 ut
1055 3439 1142 3512 nihil
1159 3459 1205 3513 ex
1221 3462 1283 3511 eo·

216 3559 296 3614 rum
314 3538 443 3630 bonit,
470 3539 534 3634 vel
547 3537 726 3630 stultitiae,
754 3541 814 3612 vel
832 3541 1036 3629 calliditati,
1063 3540 1123 3610 vel
1140 3541 1283 3616 malitiae
1301 3607 1303 3612 ,
1321 3599 1331 3606 ..

214 3639 475 3730 permittamus.
503 3635 593 3714 Cum
613 3641 726 3729 enirn,
754 3640 857 3714 verbi
874 3641 1008 3738 gratia,
1036 3639 1293 3736 injudicando

94 3741 99 3775 ²
144 3819 153 3828 ,
214 3741 280 3814 vei
297 3735 483 3830 personam
502 3740 665 3832 potentia
679 3738 888 3830 -accepe‘ris,
916 3739 974 3812 vel
995 3757 1062 3831 pro
1086 3740 1187 3813 amici
1207 3759 1283 3830 grt-

138 3851 142 3858 '
214 3838 288 3928 tia,
316 3831 395 3928 q'uae
419 3834 500 3912 sunt
527 3857 614 3918 vera
642 3835 891 3934 supprelleria,
918 3858 994 3916 non
1014 3835 1193 3912 reddidisti
1218 3838 1285 3910 ho.

94 4023 96 4026 ,
210 3933 718 4028 uoremoebimmjustitiae,
746 3959 816 4010 nee
839 3939 1008 4028 veritati,
1035 3937 1094 4011 sed
1121 3937 1285 4011 debono·

155 4137 158 4144 Ι
195 4033 494 4134 rattijotttcian,
513 4037 547 4118 dt
567 4037 685 4120 iecisti
702 4039 956 4120 coutumeliam
969 4037 1148 4211 “mutin
1158 4037 1299 4214 &cuut-

1143 4157 1162 4204 r
1203 4154 1251 4212 ut
