2825 4559
226 361 300 451 411
393 316 681 425 orroerms'
720 345 1122 428 conuentum
1210 305 1213 310 ’

141 543 149 550 ’
226 513 343 596 serilla
361 511 584 590 manentibus
602 510 638 583 in
657 505 691 583 se
707 511 813 584 ramis
836 509 1025 586 sanditatia
1045 509 1301 608 pinguedinem

226 617 389 716 prebet,
413 613 499 689 dum
520 607 768 705 perspiritum
787 608 885 685 suum
903 611 1055 687 santium
1075 613 1299 712 adhaerenter

228 719 294 818 fibi
316 710 501 803 vivificat,
530 710 647 784 verbo
671 710 826 797 excolit,
852 709 1019 804 sapientia
1044 711 1200 786 floridos
1224 712 1301 785 red·

227 819 296 908 dit,
314 816 399 888 &in
415 812 579 886 omnium
593 812 768 885 virtutum
780 812 1006 903 plenitudine
1018 809 1148 886 afferre
1163 809 1299 886 frudlua

222 919 358 994 uberes
381 913 490 988 facit:
516 911 566 983 ita
582 921 623 981 ut
639 909 672 984 dt
688 906 760 1005 ipsc
778 911 872 982 dicat
889 912 936 984 de
951 913 1021 984 eie:
1051 914 1116 1008 Ego
1136 929 1250 983 aerem
1262 911 1300 1006 fi·

229 1035 285 1090 cut
299 1018 387 1089 oliva
401 1009 582 1104 stellifero
598 1015 636 1080 in
653 1013 739 1081 domo
758 1012 830 1085 Dei.
881 1007 1025 1085 Etenim
1052 1012 1075 1090 sr
1101 1013 1214 1100 rami,
1241 1013 1298 1104 qui
1328 1047 1337 1120 1

228 1115 331 1196 fralli
348 1114 454 1208 stant„
473 1122 625 1206 propter
639 1109 928 1186 incredulitatem
945 1111 1043 1185 fracti
1061 1109 1158 1200 sunt,
1188 1110 1225 1184 u
1243 1112 1299 1203 qui
1335 1177 1338 1192 ,

229 1219 343 1309 stant,
370 1211 442 1286 fide
460 1211 571 1284 stante
605 1210 683 1301 quie
707 1211 796 1283 aliua
818 1211 908 1303 erit,
934 1214 970 1282 in
996 1231 1069 1301 quo
1092 1209 1210 1302 stant,
1238 1209 1301 1286 nili
1334 1273 1338 1282 .

230 1315 332 1417 Jesue
353 1307 539 1387 Christus?
567 1307 695 1401 &quis
710 1307 766 1383 ,est
783 1311 894 1401 alius,
921 1331 1032 1402 aquo
1052 1330 1117 1406 per
1134 1312 1303 1388 incredu·
1336 1321 1338 1374 ÷

230 1423 370 1496 litatem
396 1409 496 1486 fredli
521 1407 621 1493 sunt,
648 1407 711 1483 nili
734 1406 839 1501 ipse,'
861 1409 919 1483 cui
942 1431 1018 1483 non
1040 1408 1302 1484 crediderunt?
1337 1433 1338 1452 ¹

230 1521 379 1609 Semper
395 1530 482 1606 ergo
498 1511 717 1601 quicumque.
728 1509 877 1584 advene
892 1511 935 1582 ad
949 1506 1056 1583 iidem
1073 1509 1134 1581 vel
1150 1509 1198 1582 ad
1214 1531 1301 1584 con·

144 1697 147 1702 ,
229 1615 473 1693 versationem
490 1609 594 1681 lsrael
612 1611 829 1690 veniebant,
854 1607 996 1696 Christo
1017 1608 1073 1700 qui
1092 1621 1172 1682 erat
1191 1629 1301 1685 verua

231 1718 338 1797 lsrael
355 1711 611 1788 inserebantur.
663 1707 845 1800 Praecipue
859 1722 979 1783 tamen
998 1729 1040 1780 ex
1058 1723 1230 1802 tempore
1247 1711 1303 1804 ad·
1338 1753 1340 1778 2

229 1829 367 1893 ventus
381 1813 456 1905 ejus
478 1809 610 1882 multus
625 1807 777 1881 oleaster
794 1807 958 1882 inseritur
974 1808 1058 1881 huic
1075 1808 1213 1902 radici,
1242 1809 1302 1884 vel
1338 1799 1340 1862 l

231 1917 338 1993 ramis
367 1913 465 2005 ejus,
491 1904 677 1998 Apostolis
699 1905 835 1982 scilicet
859 1907 890 1981 dt
912 1907 1102 2002 Prophetis
1129 1905 1242 1982 Deir·
1261 1923 1301 1982 ut

232 2019 294 2109 qui
313 2011 515 2086 inseruntur
536 2005 608 2097 eie,
635 2003 722 2079 socii
748 2006 837 2080 fient
861 2005 991 2090 radicis
1019 2006 1300 2104 &pinguedinis

234 2112 376 2190 Christi.
428 2104 512 2180 Post
528 2105 605 2177 haec
623 2105 734 2178 docet
747 2125 816 2180 noa
832 2104 1055 2199 Apostolus,
1077 2125 1154 2180 non
1173 2109 1301 2183 extolli

232 2211 402 2290 adversus
418 2206 572 2279 radicem
589 2207 649 2278 vel
666 2204 799 2279 rrauoe
818 2225 937 2279 ramos
960 2204 1152 2297 israelitas,
1180 2227 1299 2300 neque

232 2314 403 2392 insultare
427 2310 498 2382 eis:
532 2307 712 2397 quianon
740 2327 808 2380 noo
825 2307 986 2380 radicem
1008 2320 1220 2400 portamur,
1247 2307 1301 2381 sed

230 2417 332 2492 radix
347 2433 428 2487 nos.
478 2403 568 2478 Non
584 2405 678 2479 enim
692 2406 864 2482 habemur
878 2405 977 2498 quod
993 2427 1067 2479 non
1084 2409 1302 2501 accepimus.

231 2517 270 2591 si
288 2527 406 2612 autem
424 2506 648 2598 accepimus,
675 2506 759 2598 quid
773 2505 1181 2604 gloriamur‚'qnasr,non
1201 2528 1302 2580 acce·

231 2609 416 2711 perimus?
457 2606 554 2679 Tum
574 2604 703 2678 deinde
720 2609 812 2696 quasi
832 2606 1041 2697 quibusdam
1056 2605 1300 2696 impudentius
1339 2667 1340 2674 1

231 2712 483 2789 insultantibus
508 2705 541 2777 &
564 2705 787 2780 dicentibus:
813 2705 849 2780 Si
860 2703 967 2799 statii
982 2705 1060 2792 lunt
1076 2709 1180 2775 rami:
1208 2706 1301 2777 bene:
1339 2705 1340 2760 1

229 2831 358 2918 propter
378 2809 632 2879 incredulitatem
654 2803 758 2898 frnfii
773 2805 876 2896 sunt,
902 2820 939 2875 ul
960 2830 1009 2898 ege
1034 2804 1204 2891 insererer,
1239 2805 1299 2898 qui
1339 2878 1340 2896 ἶ

233 2912 444 2986 credebam:
471 2905 540 2976 hos
563 2923 652 2998 ergo
673 2905 873 2997 reprimens
895 2901 1094 2997 Apostolus
1112 2904 1222 2977 dicit:
1248 2905 1301 2980 illi

202 3065 207 3078 .
233 3012 376 3104 quidem
393 3025 457 3099 per
474 3002 761 3077 increduiitatem
782 3003 880 3077 fradli
901 3004 998 3091 sunt,
1026 3000 1060 3076 dt
1083 3018 1124 3077 tu
1145 3002 1309 3090 insertur¹

231 3133 271 3185 ea
289 3106 499 3206 perfidem,
527 3101 560 3173 u
577 3102 611 3175 in
627 3097 698 3175 lide
714 3103 804 3178 stas:
831 3102 889 3179 sed
907 3118 1114 3196 memento,
1142 3107 1225 3196 quia
1240 3129 1301 3176 om·

232 3216 289 3285 mir
307 3215 364 3308 qui
375 3209 406 3297 se
420 3209 543 3278 exaltat
559 3203 803 3274 humiliabitur.-
828 3203 953 3276 &ideo
967 3206 1034 3273 noli
1047 3204 1167 3299 [upnbe
1177 3207 1300 3298 sapere,
1338 3133 1340 3292 ¹

163 3351 178 3378 ι
230 3311 310 3390 noli
327 3312 398 3385 alta
417 3307 449 3378 dr
465 3307 557 3381 elate
571 3306 754 3398 proloqui.
807 3304 983 3402 Quamvis
1001 3307 1096 3378 enim
1123 3303 1158 3376 in
1177 3304 1299 3380 radice
1337 3337 1340 3426 Ι

230 3412 324 3504 stes,
350 3405 599 3484 debenesire,
626 3405 756 3478 timeto
775 3416 916 3492 tamen,
944 3405 1071 3476 videns
1090 3404 1170 3494 quia
1190 3403 1225 3475 da
1241 3404 1300 3478 alil

231 3514 362 3604 quibua
381 3505 525 3580 insultas
542 3505 591 3576 ibi
606 3501 797 3592 steterunt,
815 3505 874 3575 ubi
891 3501 978 3577 &tu
997 3502 1081 3575 llos:
1108 3503 1140 3575 dc
1158 3516 1198 3573 tu
1214 3523 1298 3579 cum

231 3613 283 3687 lbi
298 3629 373 3683 non
390 3604 494 3691 elles,
523 3607 563 3676 ad
582 3604 689 3674 oliuae
701 3603 803 3693 hujus
820 3603 974 3676 radicem
993 3602 1134 3674 aliunde
1148 3605 1299 3675 transla-

231 3725 291 3782 tus
307 3729 366 3801 ea,
393 3706 426 3778 dt
444 3703 603 3797 possibile
619 3702 671 3775 est
687 3704 793 3773 etiarn
811 3715 851 3775 te
868 3723 1030 3795 peccare.
1059 3703 1151 3775 Nam
1170 3703 1202 3772 u
1225 3703 1298 3776 hoe

230 3808 330 3901 ipso,
356 3809 452 3896 quod
471 3803 628 3897 superbie
645 3803 678 3873 da
696 3803 888 3893 exaltaris,
911 3804 981 3896 jam
1002 3823 1152 3896 peccas:
1180 3801 1215 3872 dc
1237 3801 1299 3876 sci·

230 3923 295 3993 to,
322 3905 530 4000 quoniamst
550 3909 632 3972 111111
648 3904 965 3982 ,naturalibmmmn
985 3927 1047 3970 non
1061 3909 1214 3998 pepercit,
1243 3925 1297 3974 nee

120 4031 132 4072 ¹
226 4010 428 4116 tibiparret.
480 4001 564 4083 Poll
586 4002 663 4080 haec
686 4023 803 4100 vero,
831 4005 889 4098 qui
905 4001 1071 4101 {superbit
1094 4000 1129 4075 u
1154 4000 1299 4078 insultat

1174 4102 1247 4192 lao-
