2825 4559
176 381 187 410 ,
244 271 318 416 nr·
338 327 516 412 tntu.
541 299 622 408 n'o
646 319 878 407 nonen.
897 319 1011 410 niu.
1040 325 1115 411 tv.
1169 335 1237 410 161

163 463 288 576 eutem
302 456 445 591 justi-tie
465 496 714 582 virtutemne
740 487 800 566 sed
818 493 886 567 ait:
915 483 1033 566 Gutta
1046 511 1150 566 autem
1166 489 1237 567 'Dia'

163 610 247 673 vite
266 613 409 671 eterna.-
442 609 484 668 ut
508 593 744 687 stipendium,
775 597 872 684 quod
897 595 1022 686 utique
1048 594 1173 681 debito
1202 587 1236 671 tt

144 777 147 782 ,
167 697 327 778 mercedi
340 697 448 772 simile
464 691 536 786 est,
562 693 836 766 retributionem
859 713 972 784 poenae
992 689 1062 768 esse
1083 695 1236 774 doceret

171 802 208 876 δι
229 799 378 892 mortis3
401 799 512 869 vitam
529 812 622 866 vero
637 808 805 865 eternam
826 790 891 863 soli
916 795 1036 888 gratie
1055 797 1237 894 contigna-

170 913 241 973 ret
286 896 490 971 Secundum
505 893 603 967 hunc
616 887 752 966 sensum
768 891 925 985 utillud,
953 892 1050 984 quod
1064 896 1101 966 in
1117 893 1236 974 Euan.

171 1004 270 1099 geiio
285 997 465 1072 scribitur:
491 996 568 1087 Qua
583 991 728 1079 mensura
744 991 837 1086 meust
850 989 1001 1083 fueritis,
1014 1072 1016 1076 ⁸
1027 997 1128 1064 eadem
1143 997 1238 1072 remr-

171 1099 398 1181 tiernrooits,
425 1095 471 1167 de
495 1091 637 1166 sinistris
663 1093 835 1185 operibus
861 1092 1107 1184 accipiendum
1132 1114 1237 1190 putu.

169 1199 307 1292 Neque
324 1197 417 1270 eninr
437 1194 556 1290 gretlae
575 1190 643 1281 suae
660 1191 854 1266 mensnram
873 1191 994 1264 statuit
1010 1191 1131 1289 Deus,
1157 1219 1239 1276 cum
1262 1239 1269 1258 s

173 1299 342 1393 scripturn
358 1296 419 1369 stt:
448 1294 529 1366 Non
550 1297 635 1362 enim
656 1295 698 1361 ad
714 1294 891 1377 mensuram
906 1296 961 1363 det
980 1298 1065 1365 Deus
1075 1297 1239 1391 spiritum.

171 1401 210 1474 Si
237 1397 324 1493 ergo
350 1395 427 1469 haec
452 1405 625 1486 putantur
648 1389 746 1465 reete
772 1389 937 1484 discusi'r,
977 1392 1242 1487 consequenter

173 1502 302 1588 utique
323 1517 383 1581 ea,
411 1513 487 1584 quae
513 1493 719 1585 cohaerent,
748 1491 966 1565 videbuntur
989 1495 1243 1594 intelligenda,
1329 1515 1334 1526 “

171 1613 216 1672 ut
240 1597 404 1691 operanti
432 1593 574 1685 quidem
599 1612 713 1683 opera
736 1592 933 1681 iniquitatis
957 1593 1097 1668 rnercet¹
1119 1597 1243 1672 secun·
1267 1687 1270 1696 s

171 1702 259 1771 dum
283 1695 423 1789 peceati
449 1692 611 1764 debiturn
632 1691 871 1782 rependatur:
899 1689 1061 1766 credenti
1087 1701 1242 1774 veroin

175 1817 281 1878 eum,
308 1796 366 1886 qui
383 1789 552 1885 justificat
568 1793 734 1882 impium,
761 1789 850 1876 fides
878 1791 935 1862 ad'
947 1792 1113 1883 justitiam
1138 1819 1243 1892 repu-

173 1913 293 1970 tetur:
320 1894 342 1966 s1
358 1893 500 1982 quidem
524 1892 617 1963 bene
636 1890 860 1964 meminimus
876 1888 1078 1984 superiora,
1104 1898 1141 1969 in
1169 1901 1245 1991 qui.

175 2000 243 2071 bus
260 1993 499 2081 ostendimus,
524 2009 601 2062 non
621 1991 677 2081 ei,
699 1989 758 2079 qui
776 2012 819 2061 ex
837 2003 960 2082 parte,
987 1990 1044 2064 sed
1061 1998 1118 2085 qui
1134 2020 1179 2071 ex
1192 1999 1245 2072 in·

149 2097 152 2102 '
173 2111 303 2191 tegio,
319 2093 352 2165 dt
368 2090 429 2183 qui
445 2085 600 2182 perfetie
617 2090 754 2181 credit,
780 2083 889 2164 fidem
905 2089 1004 2181 posse
1020 2093 1246 2186 adjustitiam

175 2197 355 2285 reputari:
382 2209 459 2282 quae
474 2185 563 2262 fides
579 2202 679 2262 tanta
692 2189 763 2278 est,
782 2203 823 2261 ut
835 2185 1005 2280 justificet
1023 2193 1129 2268 etiarn
1148 2203 1244 2294 eun'q

175 2298 238 2388 qui
262 2292 390 2385 irnpius
415 2286 547 2378 suerit,
573 2303 615 2361 ut
630 2292 723 2360 uitta
738 2289 809 2380 jam
828 2309 905 2362 non
924 2287 966 2363 iit
979 2290 1130 2387 impius,
1157 2291 1247 2372 sicut

176 2398 240 2469 ille
263 2396 380 2483 latro,
408 2390 466 2480 qui
494 2388 675 2482 pendebat
700 2388 736 2459 in
764 2407 872 2461 cruce
898 2388 932 2462 ἀ
957 2390 1246 2492 blasphemabat,

177 2490 498 2578 seds1ts1cutille,
526 2491 584 2580 qui
602 2485 847 2561 confitebetur
871 2488 903 2560 dr
920 2487 1081 2564 dicebat:
1110 2499 1249 2569 Domine

182 2594 287 2694 Jesu,
314 2591 558 2673 momentanei,
583 2611 652 2657 rum
668 2594 797 2659 ueneris
812 2591 849 2656 t'rr
868 2611 995 2684 regnum
1010 2604 1110 2668 trum.
1163 2589 1249 2670 Post
1296 2671 1301 2679 ,

178 2685 257 2772 hae
273 2695 375 2766 velut
396 2690 438 2762 ad
457 2684 770 2762 confirmationem
788 2685 958 2760 sermonis
977 2688 1048 2781 sui,
1076 2693 1181 2785 'quern
1198 2693 1250 2770 di·

180 2810 303 2870 xerat:
323 2794 375 2864 ·Ei
391 2806 516 2878 autem,
542 2793 601 2885 qui
616 2811 680 2856 nou
695 2806 860 2881 operatur,
887 2790 985 2858 credit
999 2809 1102 2862 antem
1117 2803 1154 2863 in
1168 2817 1248 2884 erttrr,

180 2887 1252 3069 tantunaa1ntenuerintque

181 3087 411 3167 beatitudinem
426 3091 583 3168 hominis,
608 3037 663 3157 etti
691 3093 777 3158 Deus
799 3105 918 3185 eccepto
935 3089 1007 3182 fert
1017 3089 1176 3190 iustitium
1189 3097 1253 3191 rint
1295 3089 1298 3106 '

183 3195 341 3294 operibat:
372 3193 481 3275 Beati,
508 3185 781 3283 quorumrtmiffae
793 3188 871 3274 sunt
886 3194 1097 3288 iniquitates,
1122 3194 1161 3270 &¹
1179 3209 1254 3293 q'ttu·
1312 3243 1319 3267 ι

185 3317 256 3368 rem
275 3292 357 3364 tedia
369 3291 450 3380 suut
465 3305 606 3385 percote:
633 3288 739 3359 beet-ur
755 3293 830 3374 vir,
846 3294 898 3356 cri
914 3313 980 3361 tran
996 3301 1171 3390 imputauit
1189 3299 1255 3367 Du·

183 3402 293 3468 minue
308 3407 473 3488 peccarem.
501 3386 613 3460 Vides
629 3405 694 3477 per
709 3388 778 3460 hos
795 3386 975 3463 sermones
994 3389 1258 3487 consequenter

186 3492 382 3590 opprobari
397 3487 520 3582 posse,
548 3485 646 3575 quod
670 3501 861 3580 reputetur
882 3488 1019 3563 homini
1037 3490 1168 3587 justitia
1184 3491 1257 3570 fine

188 3594 374 3688 operibus.
400 3586 509 3663 Unde
523 3587 608 3659 mihi
622 3586 769 3660 ridetur
785 3589 859 3660 hoc
871 3584 1083 3666 intellexisse
1102 3593 1260 3688 Aposto-

188 3695 267 3784 sut,
293 3692 375 3782 quie
391 3686 602 3780 impossibile
616 3686 707 3758 sitin
729 3687 898 3780 homine,
925 3691 990 3764 cui,
1006 3692 1074 3781 jam
1101 3712 1165 3785 per
1178 3685 1260 3768 aeta·

188 3810 264 3868 teni
291 3787 510 3865 discernendi
542 3785 769 3858 debono&
793 3789 888 3859 maio
915 3786 1012 3863 adest
1035 3793 1259 3888 intersertos,

188 3885 530 3986 nequeiinjusiitiam
550 3879 676 3970 inesse,
699 3899 819 3977 neque
832 3887 1012 3977 iustitiam.
1037 3894 1153 3991 ¹Quod
1169 3891 1193 3968 ii
1210 3895 1263 3966 itt

192 3991 266 4084 est,
292 3991 363 4066 fine
379 3988 496 4061 altero
517 3983 698 4060 eduobur
714 3985 874 4061 inveniri
896 3989 1015 4066 anino
1029 4007 1116 4068 non
1126 3985 1286 4090 potent

250 4094 398 4184 dirimit
416 4087 500 4161 rom
518 4085 608 4162 XV.
868 4085 906 4169 L
1216 4080 1263 4170 Q
