2825 4559
228 332 302 446 sas
380 278 1131 464 oatomrseommrurun
1192 427 1194 432 ,

229 511 304 583 rint
316 506 521 603 disciplinls,
533 527 577 580 ex
596 507 662 600 his,
674 525 751 598 quar
768 506 896 602 scripta
911 507 1136 606 suntaguitia
1152 513 1304 607 languog

229 612 330 682 ribus
350 606 431 700 suis,
444 607 556 680 curati
577 606 707 699 poffint
723 609 863 685 dicere:
892 615 1006 683 Lauda
1019 617 1128 686 aerina
1146 609 1212 682 ure'a
1234 617 1298 686 Da.

230 716 371 796 minum,
396 715 451 805 qui
465 710 563 796 stenar
582 732 686 778 omncs
702 708 866 802 languores
884 728 984 791 tuor„
1015 708 1121 784 Unus
1145 731 1233 807 ergo
1253 733 1298 788 ex

231 810 507 882 oaeterisanimae
523 808 698 902 languor,
727 808 915 902 &quidem
934 811 1118 907 peffimus,
1145 825 1297 887 conten·

229 915 284 1008 tio
306 906 375 982 effe
401 908 633 1002 intelligenda
654 904 729 1000 est,
756 931 946 1008 perquam
970 931 1080 986 omne
1101 930 1193 1003 opus
1216 931 1297 1003 pra·

230 1031 317 1106 vum
333 1010 478 1104 geritur.
531 1007 598 1078 Per
614 1008 706 1080 hanc
723 1008 872 1086 haereses
888 1009 1099 1101 nascuntur,
1119 1029 1182 1102 per
1201 1011 1296 1084 hanc

229 1107 438 1194 schismata,
468 1107 502 1180 dt
519 1107 640 1180 omnia
655 1107 814 1183 scandala
830 1111 865 1183 in
882 1107 1047 1184 Ecclesria
1063 1124 1301 1206 generantur,

230 1211 314 1283 dum
336 1208 396 1299 hi,
425 1209 484 1298 qui
505 1208 598 1300 apud
621 1208 827 1303 semetipsos
854 1211 1048 1303 prudentes
1075 1209 1174 1298 sunt,
1197 1209 1231 1284 dc
1255 1211 1295 1284 itt

229 1305 422 1400 conspeetu
448 1306 512 1380 suo
540 1305 740 1401 sapientes,
767 1309 936 1401 quidquid
958 1311 1105 1383 libuerit
1128 1311 1295 1405 prolege

184 1449 189 1460 ,
229 1408 449 1482 defendunt:
477 1405 609 1478 &inde
631 1409 694 1501 fit,
722 1424 763 1484 ut
782 1407 959 1486 diffidatur
974 1410 1116 1501 quidem
1135 1408 1297 1496 veritati,

110 1599 113 1606 Ι
229 1512 503 1600 obtemperetur
521 1525 638 1584 autem
654 1511 844 1600 iniquitati.
866 1507 1042 1583 Diffidere
1065 1529 1204 1602 porro,
1224 1527 1295 1602 pro

227 1629 304 1683 non
319 1610 474 1693 cedere,
500 1606 561 1678 vel
577 1632 655 1687 nou
674 1612 946 1701 obtemperare,
972 1609 1117 1682 soletin
1135 1607 1294 1700 Scriptu-

226 1710 275 1782 tir
295 1705 418 1781 sansiis
437 1706 611 1798 inveniri,
637 1711 728 1786 ficut
746 1710 779 1782 dt
798 1711 834 1782 in
853 1709 926 1781 hoc
946 1710 1052 1782 loco:
1077 1709 1175 1799 quod
1194 1707 1293 1782 forte

120 1823 123 1828 ’
227 1809 345 1899 aptius
370 1805 520 1879 Latinus
545 1807 723 1904 interpres
748 1807 943 1904 posuisset,
969 1807 994 1881 st
1021 1807 1182 1882 dixisset:
1218 1807 1295 1905 Qui

226 1927 305 1982 oon
322 1906 499 1978 obediunt
513 1913 679 2001 veritati,
704 1906 765 1983 sed
785 1909 961 1981 obediunt
978 1908 1170 1999 iniquitati,
1205 1905 1294 1981 Om-

197 2017 200 2022 '
225 2012 407 2102 nitergo,
433 2007 493 2096 qui
509 2012 663 2084 alienum
682 2029 701 2081 a
719 2011 873 2081 veritate
892 2011 960 2079 iter
977 2010 1194 2103 ingreditur,
1221 2027 1291 2082 nec

226 2106 384 2199 sequitur
399 2125 503 2200 cum,
529 2113 589 2200 qui
611 2108 722 2185 dixit:
752 2110 817 2201 Ego
834 2111 900 2193 sum
917 2113 1060 2192 veritas,
1087 2105 1212 2182 diffidit
1228 2130 1292 2180 ve·

119 2207 131 2224 ⁸
225 2207 371 2280 citati&
388 2207 605 2282 inobediens
622 2207 674 2282 est
689 2210 733 2282 ei.
784 2209 844 2280 Sic
861 2209 918 2298 qui
937 2227 1013 2280 non
1030 2205 1143 2285 solum
1158 2210 1193 2282 in
1210 2205 1293 2283 atri..
1323 2206 1325 2210 ’

224 2310 314 2399 bus,-
341 2306 451 2380 sed&
469 2313 505 2381 in
523 2308 687 2395 sensibus,
706 2309 740 2381 u
759 2310 794 2382 in
811 2306 882 2382 fide
902 2323 1043 2401 erraut3
1070 2307 1166 2398 quod
1179 2307 1292 2382 maxi·

223 2430 284 2484 me
304 2427 349 2480 ex
373 2411 615 2480 contentione
640 2409 831 2503 contingit.
881 2405 1005 2480 Sed&
1027 2408 1088 2498 qui
1114 2403 1292 2498 sapientia

225 2506 421 2596 obsistunt,
447 2509 480 2580 δι
503 2506 642 2600 iustitiae
659 2529 700 2581 ac
716 2502 1007 2596 sansiificationi,
1037 2503 1178 2580 Christo
1202 2503 1291 2578 diffi-

224 2609 337 2698 dunt,
365 2609 425 2698 qui
451 2607 539 2680 ficut
565 2608 701 2688 veritas
733 2607 804 2699 est,
830 2608 880 2678 ita
906 2605 939 2676 dt
965 2602 1150 2697 sapientia,
1177 2605 1226 2676 ita
1254 2605 1289 2680 dt

208 2707 457 2784 sansiificatio
483 2706 543 2782 est.
593 2707 683 2782 Non
709 2710 961 2797 obtemperare
985 2719 1107 2778 autem
1132 2703 1289 2793 Christo,

225 2810 286 2902 qui
295 2808 426 2899 justitia
443 2807 515 2896 est,
542 2808 615 2881 hoc
632 2806 683 2880 est
698 2808 952 2898 obtemperare
964 2806 1165 2894 iniquitati,
1183 2805 1216 2874 dc
1233 2804 1306 2894 hia¹

223 2909 358 2992 adibus
374 2926 466 2999 quos
483 2906 555 2980 fine
573 2908 684 2979 dubio
703 2903 971 2994 consequuntur
991 2902 1071 2994 illa,
1087 2923 1164 2994 quae
1183 2902 1290 2995 scrin.

222 3023 260 3084 ta
282 3008 384 3099 sunt,
411 3012 463 3079 r'ra
488 3003 527 3082 (Ἰ
550 3011 749 3098 indignatio,
776 2998 1003 3075 triburatio&
1024 3002 1174 3098 unguflr'a.
1227 3003 1289 3076 De

222 3111 276 3188 ira
297 3107 386 3202 saepe
406 3108 476 3200 jrm
503 3108 673 3192 diximus,
701 3103 800 3194 quod
826 3095 1004 3176 interdum
1031 3101 1129 3196 ipse,
1157 3104 1216 3193 qui
1240 3122 1287 3177 ex

221 3210 364 3304 peccati
382 3206 603 3281 conscientia
621 3206 745 3276 anima
762 3204 936 3276 incutitur
949 3205 1141 3294 cruciatus,
1160 3203 1211 3274 ira
1227 3221 1287 3292 ap·

220 3313 394 3405 pe‘iietur:
420 3305 619 3398 indignatio
636 3321 774 3388 autern,
802 3301 906 3395 ipsura
925 3303 984 3376 irae
1004 3319 1126 3376 tumor
1144 3299 1288 3391 quidam
1330 3321 1331 3326 ’

160 3403 163 3410 ’
219 3405 462 3506 fignificatur,
488 3404 522 3474 dr
541 3426 604 3496 per
618 3404 749 3500 singula
770 3422 921 3491 ortaque
937 3404 1157 3475 commotio:
1184 3413 1225 3471 ut
1244 3399 1285 3492 sr,
1320 3489 1327 3500 ἡ

219 3505 469 3602 verbigratia,
487 3505 616 3576 vuinus
635 3501 780 3592 aliquod
797 3499 976 3594 peffimum
989 3503 1076 3574 iram
1091 3520 1286 3594 ponamus:

219 3607 327 3699 hujus
352 3617 473 3678 autem
490 3617 612 3676 tumor
634 3603 668 3675 d:
686 3600 879 3688 distentio,
906 3601 1105 3694 indignatio
1124 3600 1284 3674 vulneris

219 3705 435 3799 appelletur.
483 3699 692 3776 Tribulatio
708 3721 802 3775 vero
820 3721 922 3791 quam
940 3697 1160 3789 subsequitur
1177 3719 1285 3795 angu-

93 3871 95 3880 .
218 3805 304 3897 stia,
330 3824 407 3878 non
425 3801 476 3877 est
493 3801 608 3877 fimilir
626 3804 785 3898 putanda
803 3801 853 3873 illi
872 3801 1122 3890 tribulationi,
1149 3799 1193 3871 de
1216 3819 1285 3888 qua

93 3909 102 4028 i
218 3906 309 3979 dicit
325 3903 539 3998 Apostolus,
558 3906 640 3996 quia
656 3904 823 3996 :rebusario
834 3905 1192 3996 parientiamopernrur.
1220 3899 1283 3970 illa

215 4009 312 4085 enim
331 4006 414 4082 talia.
429 4004 617 4100 tribulatio
642 4001 834 4107 augustiam
855 3999 1057 4080 nonhabet
1074 3997 1283 4087 subsequen,

374 4155 394 4164 .-
1070 4119 1075 4130 ·
1141 4111 1237 4194 tem,
