2825 4559
157 336 254 435 ῳ·
320 313 1065 420 olthllNiscoMMEllTalt
1178 412 1181 420 .

160 499 286 591 sorte,
313 520 393 576 cum
409 501 512 574 venit
529 499 581 570 ira
598 499 634 572 in
651 511 854 576 cortuum,
880 499 1109 572 conformem
1129 495 1237 571 tesa-

163 604 236 674 ciat
261 601 344 674 huic
371 600 519 672 seculo:
545 598 703 672 similiter
729 614 850 672 autem
876 596 1236 694 &concupiscentia
1282 611 1285 690 l

162 702 277 789 mala,
304 699 343 772 &-
365 701 536 793 avaritia,
563 714 764 787 ceteraque
789 697 899 787 vitia,
924 701 1050 789 quibua
1079 693 1237 791 present

162 798 329 874 sarculum
348 797 565 892 delesiatur,
589 797 741 874 sormam
757 799 820 871 tibi
841 796 954 871 saculi
973 795 1158 889 presentis
1175 797 1239 872 im·

163 914 317 994 ponant.
370 899 405 972 Si
427 919 516 970 vero
534 900 743 973 econtrario
758 896 1016 983 mansuetudo,
1044 898 1239 990 patientia,

161 1000 314 1089 lenitas,
341 1000 588 1088 continentia,
615 995 726 1090 fidet,
753 1001 909 1091 veritas,
934 1007 1158 1089 ceteraeque·
1168 997 1241 1070 vir·

163 1110 261 1172 tutea
282 1100 446 1173 habitent
464 1094 614 1171 insensu
632 1112 723 1188 tuo,
749 1096 974 1190 conformem
992 1113 1029 1170 tc
1046 1096 1160 1171 futuri
1177 1095 1239 1170 se·

164 1201 237 1270 culi
256 1198 410 1280 sacient,
438 1197 538 1270 &ita
555 1198 738 1288 pulchram
757 1201 880 1270 anime
899 1211 968 1270 tue
982 1197 1137 1289 speciem
1158 1196 1240 1271 red·

151 1289 274 1386 ‘dent,
301 1312 341 1369 ut
361 1299 524 1370 Verbum
544 1297 640 1384 Dei,
668 1298 767 1388 quod
792 1294 981 1390 despondit
1007 1319 1083 1372 eam
1108 1295 1175 1382 fibi
1200 1295 1241 1370 in

164 1395 405 1475 misericordia
431 1394 579 1490 unde,
609 1397 706 1471 dicat
728 1399 771 1471 ad
794 1417 891 1471 eam:
938 1399 1020 1469 ‘lora
1043 1423 1074 1468 es
1092 1396 1240 1487 formasa

161 1505 408 1598 proximamur,
434 1497 473 1572 (5
485 1500 605 1570 macula
619 1523 684 1568 non
699 1499 741 1595 est
755 1502 791 1568 in
808 1514 852 1573 tt.
878 1496 1033 1570 intende
1050 1511 1172 1590 autem
1189 1496 1241 1568 di·

165 1598 334 1696 ligentills
344 1646 356 1680 ,
384 1598 481 1690 quod
497 1597 566 1678 ait:
591 1598 653 1668 Sed
668 1589 886 1690 reformamini
905 1606 1113 1700 renovatione
1126 1597 1239 1685 [mser

164 1701 282 1795 veflri,
308 1711 350 1770 ut
367 1695 533 1774 ostendat
549 1695 700 1772 formam
718 1698 858 1790 quidem
877 1699 1109 1790 culpabilem:
1138 1697 1240 1790 priua

166 1803 262 1874 enim
283 1797 435 1872 formam
453 1798 594 1871 malitie
612 1796 738 1871 habuit
760 1800 878 1872 omnia
902 1801 1027 1871 anima.
1079 1794 1152 1870 Sed
1179 1817 1243 1868 ex·

165 1899 335 1976 hortatur
352 1917 398 1970 ex
413 1897 486 1970 hoc
503 1895 616 1969 sermo
632 1896 887 1990 Apostolicus,
912 1913 954 1972 ut
969 1897 1028 1969 illa
1042 1893 1181 1988 abjetla
1198 1893 1242 1970 ad

102 2079 105 2086 ,
165 1997 379 2094 fingularum
394 1997 569 2070 virtutum
586 1994 740 2087 speciem
755 1997 1016 2086 reformemur,
1044 1997 1078 2068 dt
1101 1997 1154 2068 ita
1179 1995 1239 2070 de·

166 2118 264 2174 mum
288 2094 454 2188 poffimus
471 2096 638 2168 revelato
657 2100 761 2169 vultu
777 2097 906 2170 cordia'
917 2098 1067 2190 gloriam
1084 2095 1239 2170 Domini

167 2195 341 2291 speculati
365 2197 409 2268 ab
430 2195 635 2289 hujusmodi
655 2198 807 2292 imagine
825 2196 1079 2270 transformati.
1135 2198 1239 2289 Quo·

167 2296 283 2375 modo
298 2311 418 2370 autem
437 2296 475 2369 in
493 2296 570 2370 hec
584 2295 904 2384 transformemur,
928 2296 1002 2390 ipse
1027 2296 1165 2368 edocet
1190 2295 1239 2368 di·

169 2416 279 2471 cens:
306 2400 527 2476 Remoramne
536 2397 644 2485 sanim
660 2397 765 2495 vestrl
791 2396 1009 2470 Renovatur
1024 2405 1154 2482 autem;
1164 2391 1243 2468 sena

167 2494 225 2571 sua
246 2493 368 2572 noster
393 2491 457 2589 per
481 2498 654 2570 exercitia
677 2496 877 2591 sapientie,
904 2497 938 2567 dr
962 2495 1237 2570 meditationem

140 2637 145 2646 ·
169 2596 275 2671 verbi
294 2596 383 2690 Dei,
411 2595 556 2691 &legis
574 2595 651 2693 eius
673 2597 943 2691 intelligentiam
962 2594 1176 2686 spiritalem:
1203 2593 1235 2665 da

170 2712 309 2788 quanto
326 2698 403 2788 quia
428 2696 591 2787 quotidie
609 2718 653 2767 ex
670 2696 931 2790 scripturarum
949 2691 1098 2788 prolicit
1115 2693 1238 2768 leelin-

151 2814 240 2887 tre,
260 2809 397 2886 quanto
414 2797 517 2868 altius
538 2791 739 2870 intellectus
756 2797 832 2886 ejus
847 2795 1006 2886 accedit,
1034 2808 1141 2867 tanto
1156 2794 1240 2868 lem·

147 2921 151 2930 ’
169 2913 236 2991 per
252 2906 371 2969 novus
389 2893 600 2985 &quotidie
618 2915 741 2970 novur
760 2895 923 2971 efficitur.
949 2891 1089 2970 Nescio
1104 2907 1238 2986 autem,

168 2996 196 3072 sr
220 2990 338 3088 potest
362 2996 532 3066 renovari
554 2992 693 3089 sensus,
721 2998 780 3087 qui
800 2997 900 3091 piger
919 2992 969 3067 est
983 3013 1067 3088 erga
1081 2992 1240 3084 Scriptu-

169 3114 228 3172 ras
245 3093 385 3167 divinas
402 3093 436 3165 dt
451 3094 699 3190 intelligentie
717 3094 877 3187 spiritalia
895 3095 1083 3184 exercitia,
1108 3095 1239 3184 quibua

171 3191 278 3295 possit
294 3201 370 3270 non
389 3192 502 3267 solum
521 3193 720 3288 intelligere
740 3215 819 3285 quaa
834 3193 963 3288 scripta
983 3192 1082 3282 sunt,
1110 3213 1240 3267 verum

172 3296 208 3370 dr
223 3297 406 3391 explicate
425 3295 602 3385 apertius,
628 3293 662 3365 ἃ
678 3289 901 3367 manifestare
911 3294 1133 3389 diligentius.
1171 3291 1241 3366 Po-

170 3395 242 3477 test
258 3408 377 3470 tamen
397 3390 497 3488 fieti,
523 3408 564 3466 ut
590 3413 666 3467 non
689 3397 807 3468 omnia
831 3392 947 3467 senine
977 3397 1013 3466 in
1036 3394 1109 3466 hoc
1134 3393 1242 3485 pollrt

171 3497 364 3584 renovari,
391 3507 432 3565 ut
445 3495 630 3589 agnitione
644 3492 799 3568 scientie
815 3494 993 3566 dilatetur.
1010 3491 1132 3566 Potest
1145 3495 1242 3566 enim

172 3597 345 3677 renovari
362 3592 478 3668 sensus
496 3595 540 3666 ad
553 3592 741 3686 justitiam,
766 3595 809 3667 ad
826 3594 1100 3685 continentiam,
1116 3592 1159 3663 ad
1175 3593 1241 3664 mi·

170 3697 419 3781 sericordiam,
446 3690 575 3789 fidem,
601 3694 822 3788 patientiam.
876 3692 945 3766 Sed
965 3693 1068 3783 vide,
1097 3694 1180 3780 quid
1202 3695 1239 3767 in

171 3798 400 3892 sequentibus
419 3793 504 3868 huic
517 3794 751 3867 renovationi
768 3791 884 3868 sensus
900 3793 1066 3886 adjungat
1077 3789 1240 3884 Aposto-

172 3904 241 3981 lus.
272 3901 316 3970 Ut
336 3896 488 3993 probetis,
514 3895 647 3986 inquit,
675 3896 794 3996 quaefir
810 3899 958 3967 voluntas
977 3897 1060 3977 Dei,
1085 3895 1163 3987 quod
1189 3894 1240 3960 lo·

168 4025 267 4098 num,
295 3995 592 4096 &implentem
615 3993 655 4074 (l
667 3994 854 4094 perfalsum.
904 3989 954 4066 Et
972 3994 1097 4096 utique
1114 3990 1177 4062 nisr
1196 3988 1246 4068 ad.

751 4159 754 4166 .
1111 4110 1188 4168 om-
