2825 4559
159 357 208 430 24
318 329 608 414 ORIGENIS
646 335 1058 418 COMMENTAR.

161 501 232 572 iter
250 497 403 591 habeat,
417 513 460 572 ut
474 503 510 573 in
527 502 719 574 volontate
735 500 807 574 Dei
823 501 948 574 veniat
961 502 1008 576 ad
1023 501 1227 594 Romanos

163 597 459 674 ronfioeranoum
474 599 537 687 est,
551 603 649 688 quod
669 599 865 694 Apostolus
881 601 952 672 Dei
966 601 1009 672 ad
1025 621 1117 692 opus
1129 600 1227 674 sano·

162 711 261 792 tum,
288 699 418 786 idest,
446 719 540 792 opus
560 697 746 796 Evangelii
764 698 1020 792 proficiscens,
1047 697 1226 790 exspestat

149 799 285 872 'dones
309 797 621 898 obsecrationibus
637 801 814 894 'impetret
837 821 913 873 oon
941 798 1053 873 solum
1083 796 1229 892 prospe·

161 916 242 970 rum
259 897 322 992 sibi
333 899 405 971 iser
421 896 524 991 fieri,
552 897 610 972 sed
625 899 709 984 &in
727 902 918 972 voluntate
934 900 1005 973 Dei
1020 897 1228 992 prosperum

162 994 255 1076 fieri.
304 995 415 1071 Unde
437 998 470 1069 ἁ
496 999 746 1094 multomagis
772 1000 903 1090 nobis,
930 999 1058 1088 quibus
1081 1016 1156 1069 non
1178 993 1230 1070 est

162 1098 226 1170 vsl
248 1099 371 1190 operis
395 1111 494 1170 tanta
512 1100 576 1171 vei
593 1099 710 1172 meriti
732 1097 971 1187 conscientia,
998 1117 1079 1170 curn
1097 1096 1230 1186 aliquid

164 1215 271 1291 egere
293 1196 535 1290 disponimus,
562 1218 581 1268 a
606 1198 691 1272 Deo
711 1198 848 1269 itineris
872 1195 1088 1291 prosperitas
1110 1195 1230 1290 postu·

163 1297 269 1369 landa
293 1295 355 1370 est.
408 1295 502 1368 Puto
522 1310 663 1386 tamen,
690 1301 787 1389 quod
812 1300 918 1370 etiarn
943 1299 1015 1370 hoc
1039 1296 1159 1368 voluit
1178 1296 1231 1366 in·

165 1396 280 1492 teliigi
303 1393 528 1498 Apostolos,
550 1381 636 1487 'quia
652 1417 729 1469 oon
750 1394 887 1492 semper
901 1399 1038 1469 itineris
1055 1396 1232 1489 prosperi·

165 1509 223 1566 tas
257 1495 329 1568 Dei
360 1497 555 1582 voluntate
581 1493 778 1587 perficitur.
840 1498 1007 1587 Denique
1034 1497 1236 1567 &Balaam

164 1595 236 1666 iter
251 1595 376 1668 habuit
389 1595 599 1687 prosperum
619 1598 727 1668 eundi
745 1599 786 1670 ad
806 1596 957 1689 Balach,
985 1608 1026 1667 ut
1040 1594 1230 1667 maledice·

165 1707 225 1764 sss
244 1695 385 1785 populo
412 1692 539 1766 lsraelr
565 1692 625 1766 sed
646 1715 722 1767 ron
740 1697 807 1768 suit
825 1695 885 1766 illa
904 1715 947 1766 ex
968 1697 1161 1766 voluntate
1182 1691 1231 1763 di·'

165 1794 254 1864 vina
274 1791 502 1884 prosperitas.
541 1789 589 1864 Er
608 1799 710 1866 multi
729 1800 764 1866 in
787 1799 893 1868 rebus
917 1794 1030 1866 saeculi
1053 1790 1231 1884 prosper-is

166 1885 320 1964 u't'uotur·
349 1889 581 1984 successibus,
609 1894 643 1964 ἃ
668 1892 846 1966 exstritant
869 1897 906 1966 in
935 1891 1232 1984 prosperitatibus

166 1989 255 2067 misr
281 1989 442 2064 sednon·
456 1991 506 2063 est
532 1991 612 2064 talis
631 1993 846 2085 prosperitas
869 2016 913 2064 ox
934 1995 1129 2065 voluntate
1152 1991 1233 2072 Dei,

167 2087 232 2170 sissi
256 2109 337 2164 cum
357 2092 432 2164 rale
455 2091 506 2164 est
528 2111 621 2184 opus
645 2095 782 2172 itineris
802 2092 938 2185 nostri,
966 2093 1068 2194 quale
1090 2092 1148 2164 hic
1172 2091 1234 2166 de·

156 2185 279 2290 'signat
299 2186 511 2282 Apostolos.
846 2223 848 2228 ·
910 2197 951 2252 .·
1000 2241 1023 2252 .-
1225 2217 1227 2226 ·

173 2311 187 2349 -“
247 2309 304 2366 12.
340 2291 481 2384 opiam
506 2295 610 2375 enim,
633 2291 774 2383 inquit,
800 2294 907 2362 visere
931 2316 1013 2384 vos,
1040 2305 1077 2358 ur
1105 2289 1234 2384 aliquos

166 2389 298 2466 tradam
315 2391 403 2460 arabis
420 2395 538 2462 doraum
550 2392 698 2486 spiritale
713 2393 753 2460 od
770 2394 1016 2481 confirmandum
1035 2414 1112 2473 vos,
1134 2394 1167 2455 id
1182 2391 1235 2482 ess,

168 2479 321 2576 wn'sohrs
336 2495 373 2557 a'ar
384 2493 475 2562 vobis
489 2511 546 2584 per
564 2515 646 2565 eam,
672 2517 738 2586 qua
760 2499 896 2560 invicem
909 2491 968 2583 ess,
987 2491 1083 2578 fidem
1099 2488 1235 2584 orflrem¹

167 2604 207 2660 rr
226 2603 265 2660 io
283 2613 392 2659 meam.
446 2587 566 2662 Primo
597 2587 757 2664 omniurn
785 2589 917 2662 discere
941 2589 1111 2661 debemus
1139 2607 1232 2678 opus

221 2685 514 2778 eApostoiicum
539 2689 737 2762 desiderare
762 2689 916 2780 fratres,
951 2686 1010 2760 sed
1033 2689 1234 2760 bon-aliam

102 2837 112 2856 ,
167 2781 220 2858 ob
248 2785 407 2877 causam,
435 2789 497 2859 nisi
525 2805 565 2860 ut
587 2792 646 2860 vei
667 2787 896 2862 conseramus
922 2790 973 2860 eis
994 2785 1123 2877 aliquid
1149 2786 1237 2856 doni

167 2883 331 2978 spiritalis
358 2886 586 2976 sipossunaus
603 2891 623 2977 ‚'
646 2889 704 2958 vel
732 2887 756 2959 sr
780 2908 856 2960 non
879 2887 1084 2984 possumus,
1110 2885 1170 2974 ipsi
1195 2897 1240 2966 ut¹

167 2986 383 3078 accipiamus
403 2988 448 3058 ab
465 2987 531 3060 his.
583 2987 667 3058 Sine
688 2989 761 3058 boo
780 2987 967 3062 eoim'non
983 2982 1033 3057 est
1048 2985 1236 3076 probabile

168 3083 376 3158 defideriom
399 3085 643 3160 circumeundi
663 3085 803 3161 fratres.
858 3085 970 3183 Quod
994 3099 1112 3156 autem
1135 3084 1237 3172 dicit,

169 3189 225 3254 Ur
249 3187 377 3278 aliquod
396 3187 527 3282 tradam,
541 3185 628 3254 vobis
653 3187 766 3256 donum
785 3187 954 3281 spiritale,
982 3183 1125 3256 videtur
1148 3181 1236 3254 indi·

168 3303 254 3355 care
273 3283 343 3357 esse
362 3283 611 3374 aliquid-quod
632 3286 768 3360 donum
790 3282 1003 3376 quidemst,
1022 3301 1098 3354 non
1117 3295 1237 3354 tamea

167 3381 335 3476 spiritale.
369 3383 484 3457 'Nam
509 3386 643 3458 donum
662 3382 746 3458 fidei
769 3384 841 3458 sino
864 3383 974 3456 dubio
997 3381 1150 3478 spiritale
1172 3379 1239 3472 est,

169 3483 205 3554 Gr
225 3486 360 3556 donum
379 3481 581 3574 sapientie,
609 3485 642 3554 ἀ
661 3481 838 3573 scientio,
867 3485 899 3554 δι
919 3483 1132 3576 virginitatis
1151 3479 1239 3552 simi,

166 3581 263 3654 liter.
311 3579 385 3652 Ubi
411 3595 532 3656 autem
557 3582 644 3654 dicit
664 3582 710 3654 de
735 3586 870 3676 nuptiis
897 3583 929 3653 ἃ
958 3581 1238 3676 virginitatem·

168 3701 306 3772 quensr
343 3678 404 3756 Sed
432 3687 645 3776 unusquisque
666 3692 827 3780 proprium
854 3684 945 3752 habet
968 3684 1084 3750 donum
1103 3707 1123 3748 a
1152 3685 1236 3766 Dea,

166 3783 251 3860 eiius
267 3781 325 3884 pic,
348 3783 550 3856 asinarum
563 3782 622 3867 fici
648 3781 785 3884 donum
800 3783 942 3873 quidem
962 3781 1049 3852 dicit
1068 3779 1137 3854 esse
1150 3799 1240 3872 nup·

166 3883 257 3972 tias,
287 3884 480 3974 quoniam,
506 3879 596 3956 ficut
613 3880 782 3975 scriptum
804 3881 874 3970 est,
902 3885 1006 3951 aDeo
1022 3897 1155 3978 aptatur
1171 3903 1238 3952 siu.

75 3957 89 4017 '
161 3982 229 4056 lm
247 3984 341 4054 vira:
366 3977 528 4074 sodmoo
541 3981 631 4056 istud
648 3981 786 4110 ⁶⁰.¹.¹⁰¹¹³
803 3979 852 4056 est
873 3979 1037 4076 spiritale.
1089 3975 1241 4152 PoQat

231 4125 234 4132 .
649 4121 654 4130 .
695 4115 717 4146 ,.
1155 4117 1171 4153 s
