2825 4559
229 363 303 456 498
394 345 678 428 onrurnrs
721 287 1132 431 'conuenire

221 505 305 592 'effe
320 515 472 603 munda,
495 534 572 588 non
588 513 722 590 rursum
732 513 871 607 judicet
886 513 1132 608 semetipsum,
1163 517 1196 589 dr
1212 518 1310 591 dulti-

233 616 413 690 tationern
432 617 569 708 capiat,
596 631 716 688 utrurn
731 612 869 688 sumere
885 616 1027 694 debeat,
1043 631 1110 689 nec
1128 637 1198 690 ne:
1229 621 1307 709 quia

190 779 201 858 t
236 714 517 888 tllnltn
532 709 1000 905 llnltlnlll
1017 717 1307 890 illeille

281 891 284 902 .
491 865 494 872 '
1130 867 1144 907 ἱ

236 914 310 1010 ipsa
327 915 436 987 animi
456 912 507 985 sui
529 911 756 988 dubitatione
777 913 994 986 conscientia
1015 928 1195 1008 arguente
1218 917 1307 990 darn

235 1028 354 1090 natur.
383 1010 529 1086 Causam
546 1032 691 1105 quoque
706 1011 810 1105 hujus
827 1013 1066 1086 damnationis
1079 1017 1247 1109 ¹exponit
1262 1018 1305 1090 di-

237 1135 345 1188 cens:
371 1113 467 1210 Quia
484 1131 561 1185 non
578 1127 623 1185 ex
640 1109 711 1186 fide
732 1111 897 1201 sumitur,
914 1112 982 1184 led
1000 1114 1125 1203 utique
1141 1135 1189 1188 ex
1211 1115 1305 1189 dubi·

235 1216 389 1287 tatione.
440 1207 490 1284 Et
503 1210 584 1304 post
601 1213 678 1283 lraec
702 1212 905 1308 generalem
927 1215 1029 1305 super
1044 1213 1305 1298 omnibuslen·

106 1353 110 1362 ¹
234 1315 389 1388 tentiam
409 1312 607 1406 proponit,
635 1312 777 1384 dicens:
813 1315 912 1382 Omne
934 1328 1060 1398 autem,
1086 1315 1167 1408 quod
1187 1315 1305 1414 nonest

223 1413 275 1487 ²ex
283 1415 367 1503 fide,
389 1426 547 1506 peccorum
561 1409 612 1505 esi.
650 1412 691 1482 ln
707 1412 780 1508 hue¹
796 1407 960 1484 sermone
975 1411 1205 1498 credentium
1223 1425 1304 1505 quo·¹

190 1528 196 1534 ·
234 1532 387 1604 rumque
410 1511 633 1608 negligentes
654 1509 840 1590 &defidea
858 1511 989 1585 animas
1007 1512 1161 1584 vinculo
1182 1514 1303 1586 atilio·

222 1601 275 1690 're
292 1607 527 1705 constringit,
552 1623 594 1682 ut
617 1609 705 1704 nihil
729 1609 801 1682 sine
818 1606 890 1690 lide
913 1619 1038 1706 agant,
1064 1610 1156 1684 nihil
1173 1615 1304 1706 absque

234 1709 307 1786 fide
327 1712 465 1795 dicant,
491 1703 561 1782 nee
588 1711 721 1800 absque
747 1708 819 1782 fide
845 1710 976 1800 aliquid
1003 1710 1204 1803 cogitenta
1231 1714 1302 1802 quir

222 1795 313 1886 'live
337 1811 421 1902 quid
443 1806 587 1903 gefferie
612 1810 684 1881 stne
702 1805 796 1901 fide,
820 1807 1056 1892 sivelocutus
1073 1809 1212 1902 fueris,
1237 1813 1303 1892 sive
1328 1857 1331 1866 ·

139 1994 141 1998 ι
237 1912 343 1984 etiarn
362 1908 598 2003 cogitaveris,
621 1927 763 1999 peccas.
799 1907 885 1980 Hoc
899 1908 993 1980 idern
1008 1907 1079 1999 est,
1108 1911 1302 2002 quoddrin
1328 1885 1331 1962 ἶ

238 2009 314 2083 aliis
334 2008 441 2080 dicit:
473 2009 554 2078 Siue
569 2010 789 2093 manducaris,
812 2008 879 2098 five
894 2007 1019 2098 bibitis,
1042 2008 1111 2103 five
1126 2011 1224 2082 uliud
1238 2011 1305 2109 qnid

227 2109 368 2204 facirir,
394 2114 498 2177 omnia
514 2108 554 2175 ad
564 2107 697 2199 gloriam
716 2107 780 2184 Dei
790 2105 904 2196 facite.
961 2107 1031 2180 Sed
1058 2111 1224 2200 requirat
1248 2111 1302 2183 ali·

235 2210 336 2301 quis,
358 2204 607 2281 fidrhaeretiei
626 2203 880 2297 quafaeiunt,
908 2207 991 2298 quia
1010 2203 1211 2284 seeundum
1235 2211 1303 2283 hoe

235 2309 333 2402 quod
353 2308 505 2394 credunt
523 2304 661 2378 faciunt
669 2356 683 2392 ,
711 2325 757 2377 ex
781 2301 854 2378 fide
877 2304 995 2402 faeere
1019 2307 1237 2382 credantur:
1262 2329 1299 2381 an

236 2411 318 2500 quia
333 2404 423 2479 fides
436 2405 529 2500 apud
544 2405 628 2480 illos
642 2405 735 2480 mala
749 2402 815 2497 est,
831 2423 940 2479 omne
955 2405 1055 2497 quod
1067 2406 1212 2482 faciunt
1226 2427 1302 2499 pec·

235 2513 356 2580 ea'tum
372 2505 684 2598 pronunciandum
701 2503 762 2591 fit,
790 2504 871 2596 quia
888 2524 964 2578 non
980 2501 1024 2578 fit
1040 2527 1085 2578 ex
1103 2503 1191 2584 fide.
1227 2506 1300 2601 Ego

232 2619 351 2702 puto,
377 2607 521 2681 illorum
535 2603 782 2679 'eredulitatem
798 2604 1222 2698 appellari'magia,quarn
1239 2603 1303 2679 elle

232 2706 354 2782 fidem.
404 2703 505 2778 Sicut
524 2704 618 2780 eninr
637 2699 965 2797 Pseudoprophetae
985 2703 1074 2779 falso
1089 2707 1242 2779 nomine
1256 2708 1301 2778 in·
1326 2701 1331 2728 ’

235 2808 377 2879 terdurn
392 2803 584 2897 Propheta
599 2804 844 2896 appellantur3
872 2801 1001 2876 &falsa
1016 2799 1176 2897 scientia,
1193 2806 1298 2880 scien·

231 2903 284 2974 tia
301 2904 455 2990 dicitur3
483 2898 613 2975 &falsa
632 2900 825 2993 sapientia,
842 2899 1009 2993 sapientia
1024 2903 1172 2978 abusive
1188 2905 1300 2980 nomi·

163 3030 165 3034 ·
203 3033 206 3038 ¹
232 3014 359 3073 natur:
392 3002 443 3073 ita
464 2997 499 3070 dt
523 2997 774 3075 heretic'orum
796 3003 1010 3095 credulitas,
1036 2999 1124 3074 falso
1150 3007 1301 3078 nomine

230 3097 322 3175 fider
341 3098 550 3193 appellatur.
577 3094 686 3169 Unde
705 3100 899 3174 videndum
916 3100 991 3192 est,
1017 3120 1063 3174 ne
1079 3099 1180 3175 forte
1196 3106 1300 3178 etiarn

229 3200 257 3274 st
276 3201 359 3292 quid
378 3201 466 3272 boni
484 3197 607 3292 operia
623 3198 716 3290 apud
732 3199 816 3271 illos
835 3200 908 3293 geri
926 3201 1089 3288 videtur,
1114 3203 1201 3292 quia
1226 3222 1300 3292 non
1329 3283 1332 3304 Ι

228 3295 273 3376 fit
291 3322 336 3372 ex
356 3295 689 3390 fide‚convertatur
702 3298 740 3372 in
755 3312 965 3390 peccatum,
992 3300 1080 3373 sicut
1095 3297 1129 3372 dr
1145 3300 1194 3375 de
1212 3319 1301 3394 quo·

229 3397 310 3474 dam
327 3397 458 3472 dietum
472 3392 541 3469 est:
569 3399 649 3468 Fial
664 3401 769 3467 orario
783 3401 849 3492 ejus
865 3403 903 3468 in
917 3415 1083 3484 peceatum.
1109 3395 1173 3473 Est
1190 3403 1302 3477 inter·

228 3497 314 3575 dum
342 3498 376 3572 u
399 3496 559 3585 castitas,
585 3516 664 3587 que
682 3515 759 3570 non
778 3496 829 3569 est
845 3517 890 3569 ex
903 3493 995 3585 fide,
1022 3517 1150 3572 eorum
1169 3499 1299 3574 dunta-

215 3601 309 3694 Ὧι,
335 3602 392 3696 qui
405 3596 583 3669 attendunt
597 3599 765 3689 spiritibus
771 3595 987 3684 sedulioribus
1010 3598 1049 3676 U
1066 3595 1223 3671 dordrrnrs
1240 3603 1296 3672 da-

215 3706 402 3792 ,munierum
427 3703 466 3767 in
489 3695 640 3792 hypocrifi
659 3691 749 3788 falfir
774 3698 989 3793 loquentium,
1014 3703 1226 3772 cauteriatam
1240 3701 1295 3774 Ira·

101 3855 103 3860 .
221 3797 367 3870 bantium
391 3798 631 3887 conscientiam,
655 3796 893 3890 prohibentium
918 3798 1050 3885 nubere,
1076 3799 1115 3874 U
1137 3799 1290 3889 aillinar-

220 3903 348 3990 iiumse
360 3927 379 3970 a
393 3899 470 3968 cibis
485 3919 560 3993 quos
580 3899 666 3967 Deus
682 3901 820 3971 creauit.
851 3891 854 3900 ’
871 3891 932 3970 Est
949 3895 1085 3993 ergo&
1101 3896 1185 3971 falst
1202 3895 1288 3974 fider

157 3985 161 3995 ¹
217 4019 368 4096 eorum,
396 3999 456 4094 qui
473 3997 660 4094 circafidrm
677 3996 981 4104 naufragaverunt:
1007 3994 1058 4072 est
1080 3995 1216 4113 &falsa
1243 3998 1287 4074 sa·
1321 4035 1325 4116 Ι

1137 4115 1237 4189 nien·
