2825 4559
201 332 207 342 Ι

261 353 325 430 IN
350 349 527 428 EPIST.
555 347 634 424 AD
659 344 887 424 ROMAN.
913 343 1016 422 LIB.
1043 343 1113 423 lx.
1163 365 1233 438 441

163 529 260 613 puto
281 509 421 606 tamen,
449 511 545 603 quod
567 530 686 600 neque
703 510 775 602 illi,
800 511 859 601 qui
878 511 914 582 in
933 509 1109 604 conjugiis
1129 507 1237 602 politi

162 619 267 705 sunt,
294 615 387 686 &ex
406 611 578 686 consensu
597 612 639 683 ad
657 624 797 702 tempus
815 623 948 683 vacant
966 612 1144 696 orationi,
1173 632 1236 681 ve·

161 719 222 791 lut
241 714 496 786 Nazataenrum
522 726 612 782 vota
636 708 841 797 solventes,
869 710 945 783 liin
965 710 1103 781 caeteris
1122 707 1236 782 lanua

150 814 331 913 agant&
354 812 473 905 juste,
512 810 665 906 negandi
693 806 774 882 sunt
800 829 957 903 corpora
983 806 1041 881 sua
1066 810 1236 883 exhibere

165 911 269 1012 poss'e
294 913 421 1009 bolliam
444 917 630 997 viventem,
651 907 816 998 sanilam,
851 916 917 981 Deo
940 910 1132 1004 placentem:
1165 931 1236 982 nec

164 1013 299 1088 rursum
318 1031 473 1104 corpora
489 1012 667 1107 virginum
684 1010 744 1082 vel
761 1011 1044 1090 contlnentium,
1065 1007 1087 1081 fi
1106 1022 1167 1079 aut
1183 1007 1236 1080 su·
1292 1016 1294 1020 ’

165 1115 300 1208 perbiae
313 1114 468 1198 macula,
486 1124 547 1180 aut
564 1111 721 1184 avaritiae
737 1107 920 1201 sordibus,
943 1124 1004 1182 aut
1020 1111 1147 1202 linguae
1165 1131 1238 1182 nra-

165 1214 305 1304 ledicae,
315 1214 375 1283 vel
399 1212 573 1286 mendacii
590 1210 810 1290 immunditia
829 1213 1056 1300 polluantur,
1084 1205 1236 1290 hostiam

163 1311 316 1386 sanilam
340 1312 374 1382 δι
391 1311 474 1382 Deo
490 1312 692 1401 placentem
718 1303 864 1400 putandi
880 1308 959 1382 sunt
978 1329 1021 1380 ex
1039 1305 1109 1379 sola
1128 1309 1237 1404 virgi·

164 1415 283 1486 nitate
303 1411 467 1503 corporis
487 1406 672 1481 obtulisse:
700 1407 780 1500 quia
799 1410 831 1480 u
852 1413 887 1481 in
911 1413 993 1504 lege
1015 1407 1128 1481 hostii
1154 1428 1235 1483 cum

165 1509 384 1601 offerretur,
412 1507 663 1599 inspiciebatur
682 1529 701 1578 a
719 1507 905 1581 sacerdote
925 1509 1141 1603 diligentius,
1158 1529 1236 1603 non
1336 1555 1338 1560 -

165 1609 281 1684 sulum
307 1609 329 1682 st
355 1631 400 1681 ox
423 1609 563 1681 mundio
589 1604 675 1678 esset
697 1610 926 1700 animalibus,
961 1607 1018 1680 sed
1044 1629 1093 1679 ne
1114 1624 1174 1680 aut
1197 1612 1236 1685 in

168 1705 283 1781 oculo
299 1711 451 1781 haberet
472 1710 616 1796 vitium,
630 1722 691 1778 aut
709 1708 745 1779 in
766 1710 920 1796 auribus,
934 1724 994 1779 aut
1014 1710 1050 1780 in
1070 1711 1235 1804 pedibus,

166 1829 218 1882 no
245 1809 434 1900 claudum,
466 1827 512 1879 ne
538 1806 692 1898 luscum,
725 1828 771 1879 ne
792 1805 932 1880 surdum
958 1810 1084 1883 animal
1109 1815 1237 1891 divino

169 1910 428 1984 admoveretur
447 1908 558 1981 altari.
592 1904 650 1977 Sic
671 1926 760 2001 ergo
779 1927 844 1998 per
864 1908 985 1982 omnia
999 1913 1158 1985 membra
1175 1914 1241 1989 dis.

166 2009 307 2081 cutitur
324 2008 357 2108 §t
374 2005 608 2100 pertraslatur
625 2004 738 2080 hostia
753 2009 896 2094 vivens,
918 2005 1045 2100 santia,
1065 2012 1148 2087 Deo
1163 2018 1237 2111 pla·

165 2128 276 2200 cens,
301 2127 378 2201 quae
394 2106 655 2179 rationabiliter
675 2105 863 2178 offerenda
880 2105 940 2181 est.
989 2111 1035 2181 Er
1048 2117 1149 2186 nolite
1164 2139 1238 2187 con.

163 2209 304 2305 formari
329 2210 403 2276 huic
420 2207 549 2294 [aarum
577 2209 631 2294 sed
658 2206 878 2293 reformamini
902 2222 1108 2282 renovatione
1125 2215 1238 2306 sensns

170 2310 289 2400 velirir
314 2325 351 2376 ut
362 2311 519 2404 probatis,
543 2331 609 2402 qua
623 2306 662 2393 fir
678 2307 828 2376 noluntas
840 2312 922 2395 Dei,
947 2312 1025 2404 quod
1042 2314 1170 2400 bonum,
1198 2320 1238 2393 σ

172 2408 416 2503 beneplacitum,
443 2407 481 2481 (t
506 2401 691 2502 politium.
750 2405 938 2480 Sciendum
967 2408 1040 2500 est,
1077 2418 1172 2502 quod
1200 2420 1239 2494 in

164 2507 306 2610 ,firaeco
329 2508 503 2580 habeturt
539 2511 584 2576 Ut
600 2506 746 2598 probetis,
767 2533 832 2602 qua
838 2507 883 2603 stt
899 2510 1049 2579 rar-luntas
1067 2518 1131 2583 Dei
1146 2493 1246 2606 barret,x

171 2607 212 2686 (u
228 2609 429 2704 beneplacita,
443 2611 481 2681 ὅ
494 2603 643 2699 perfetio.
673 2605 741 2679 Sed
760 2627 849 2692 noa,
877 2609 958 2696 quia
975 2619 1064 2683 unus
1082 2614 1117 2684 in
1138 2632 1238 2690 utro·

170 2706 386 2800 que'potest
411 2705 528 2779 sensus
558 2705 702 2797 videri,
735 2704 1031 2802 consuetudinem
1060 2710 1238 2802 sequimur

168 2807 396 2888 Latinorum.
450 2807 562 2878 Noun
579 2825 685 2902 ergo,
711 2805 850 2896 inquit,
878 2807 1068 2898 conformari
1089 2815 1163 2884 luza
1179 2817 1239 2903 Jae.

169 2910 249 2979 culo.
300 2906 340 2980 ln
367 2926 440 2997 quo
461 2904 638 2995 ostendit,
666 2902 737 2976 elle
756 2906 940 2992 quamdam
963 2908 1114 2986 formam
1135 2917 1238 3009 hujus
1331 2947 1335 2954 ·

169 3007 310 3098 setall,
335 3006 370 3078 ot
385 3008 486 3080 allam
506 3002 575 3078 elle
591 3003 704 3077 saeculi
725 3004 856 3078 futuri:
884 3004 1149 3103 tarquinio,
1179 3020 1240 3109 qul

173 3117 294 3180 ainant
309 3105 464 3196 piaesenr
482 3102 669 3185 saeculum,
695 3104 728 3175 δι
746 3127 787 3177 ea
807 3124 885 3195 quat
902 3104 1029 3182 suntin
1049 3113 1122 3184 hoc
1139 3097 1241 3192 mun.

175 3210 254 3298 d'u‚··
265 3205 455 3280 secundum
471 3204 625 3302 formam
642 3202 758 3300 saculi
773 3202 953 3296 praesentla
971 3222 1156 3299 aptantur:
1179 3221 1241 3309 qui

174 3326 270 3380 vero
296 3325 373 3380 non
400 3301 582 3398 respuunt
605 3325 648 3376 ea
669 3324 748 3395 quae
767 3297 957 3397 videntur,
985 3308 1043 3382 sed
1067 3332 1144 3402 quae
1163 3337 1240 3393 non

172 3405 396 3479 videntur&
414 3420 547 3477 aeterna
562 3401 661 3494 sunt,
689 3405 992 3479 transformantur
1008 3407 1041 3481 ἃ
1060 3432 1243 3491 renovan-

173 3521 234 3579 tur
253 3503 427 3578 adfuturi
448 3504 563 3576 saculi
581 3501 754 3576 formam:
782 3504 816 3576 δι
835 3505 919 3577 inde
934 3503 998 3598 fit,
1025 3525 1066 3583 ut
1083 3533 1148 3585 eor
1162 3538 1238 3593 non

173 3603 344 3699 agnoscat
361 3605 420 3677 hic
440 3604 614 3694 mundus,
641 3599 698 3674 sed
718 3602 806 3682 odio
825 3604 974 3700 habeat,
1002 3608 1240 3707 &persequa.

172 3718 243 3776 tur.
297 3703 366 3776 Sed
396 3703 592 3795 agnoscunt
613 3700 712 3773 istam
735 3702 885 3775 formam
910 3705 1040 3804 Angell
1060 3711 1237 3807 Del‚··qnl

172 3802 255 3879 sunt
276 3805 322 3875 de
339 3805 403 3877 illo
417 3799 549 3874 saeoulo
565 3816 737 3874 venturo.
800 3799 846 3874 Et
862 3803 971 3879 simile
989 3812 1072 3884 milri
1098 3814 1241 3890 videtur

173 3903 245 3980 esse
264 3904 335 3975 hoc
349 3904 399 3975 illi
416 3902 535 3986 diuo,
564 3922 637 3992 quo
655 3905 725 3973 ait:
739 3904 847 3998 'Sicut
860 3912 1056 3996 portavimus
1072 3915 1238 4007 imaginem

175 4013 321 4096 terrem
336 4021 493 4108 portemur
512 3999 551 4082 ss
569 4008 736 4098 imaginem
753 4005 884 4102 caelestis.
937 4007 1032 4088 Vide
1049 4030 1172 4108 orgo„
1193 4039 1244 4094 na
1321 4071 1326 4080 .

676 4097 786 4202 Ees
1089 4109 1226 4207 ioue„
