2825 4559
200 302 273 402 14⁶
344 240 654 376 'onrouuts
696 263 1105 414 conuuuuun.
1185 317 1188 384 ;

204 467 265 564 qui
284 465 460 559 integrum
481 455 553 539 elie
576 459 796 555 Scripturain
816 460 985 554 Apostoli
1001 481 1176 550 conamur
1193 460 1279 541 alie·

200 571 304 658 iere,
331 565 512 636 &ordine
531 557 599 635 suo
615 559 742 636 cundia
758 563 944 656 constare,
967 576 1010 637 ut
1035 563 1275 657 requiramus,

197 668 283 761 ¹quir
300 663 374 738 line
389 657 653 758 operibuosola
669 661 742 738 lide
756 660 967 756 iustihcatur
983 664 1037 739 stt.
1090 665 1278 762 Quantum

113 783 121 812 ¹
203 769 314 868 igitur
331 765 373 836 ad
395 765 599 858 exemplum
617 769 802 856 pertinet,
828 761 988 838 sufficere
1003 764 1159 839 arbitror
1172 767 1279 861 ,illurn

137 923 143 944 -.
204 869 407 955 iatronem,
433 865 493 957 qui
517 883 598 938 cum
615 862 758 944 Christo
778 860 968 966 crucifixus
990 865 1158 944 clamavit
1179 868 1210 938 ei
1230 867 1278 940 de

165 1023 169 1030 ,
206 971 338 1043 uincet
367 971 507 1038 Domine
525 959 625 1061 J'osu,
650 982 803 1062 memonro
823 969 903 1049 mei,
929 990 997 1034 cum
1010 968 1140 1036 veneris
1158 972 1196 1038 in
1212 991 1278 1061 rog·

95 1103 100 1108 ·
148 1097 152 1114 ¹
205 1093 285 1141 num
301 1062 413 1138 riom!
440 1064 523 1139 Nec
538 1066 633 1138 aliud
650 1067 839 1160 quicquan
853 1062 1062 1139 describitur
1081 1066 1170 1140 boni
1188 1085 1278 1160 ope·

206 1172 254 1244 tit
269 1171 346 1264 ejus
364 1167 403 1240 in
421 1157 652 1262 Evangelio,
678 1164 737 1238 sed
757 1185 826 1258 pro
841 1166 909 1238 bac
927 1163 1000 1237 sola
1015 1162 1088 1238 fide
1110 1166 1159 1236 ait
1171 1168 1204 1242 ei
1219 1164 1279 1262 Je'·

205 1265 283 1346 suot
308 1271 413 1342 Amen
427 1268 500 1350 rdico
512 1266 599 1337 tili:
628 1267 728 1342 nolio
743 1274 934 1338 muniaris
948 1267 1150 1359 inporodrfo.
1200 1267 1279 1360 Ap·

204 1383 324 1444 ternus
342 1385 464 1459 nunc,
488 1365 706 1454 findetur,
724 1363 835 1441 causae
855 1367 962 1460 hujur
985 1366 1138 1442 latronis
1163 1369 1278 1441 verba

204 1467 377 1562 Apostoli
393 1464 510 1543 Pauli,
537 1459 572 1538 dr
597 1459 757 1542 &nus
782 1466 826 1540 ad
851 1467 1031 1560 Judaeunr:
1065 1466 1126 1537 illl
1149 1469 1188 1563 qi
1209 1493 1279 1562 orgo

200 1572 353 1666 gloriatio
366 1563 451 1640 tuo?
477 1565 625 1640 certum
641 1569 724 1659 quia
740 1565 882 1640 exclusa
900 1565 970 1654 esta
998 1565 1140 1640 exclusa
1157 1581 1280 1642 autem

104 1711 107 1716 ·
203 1689 282 1744 non
307 1664 514 1764 perlegunt
541 1686 716 1760 operum,
743 1664 801 1740 sed
828 1688 894 1772 per
916 1671 1032 1764 legem
1058 1663 1154 1741 fidei.
1206 1667 1279 1742 Per

203 1768 313 1844 fidem
332 1767 426 1842 enirn
440 1762 652 1860 iustificatus
672 1766 723 1840 est
745 1766 804 1839 bic
824 1770 920 1842 latro
942 1769 1016 1841 line
1036 1770 1209 1859 operibus
1229 1769 1280 1842 le·

204 1871 278 1967 gis:
313 1870 396 1960 quia
421 1867 527 1960 super·
549 1867 624 1938 hoc
646 1866 827 1941 Dominus
848 1887 927 1941 non
950 1865 1155 1961 requisivit,
1189 1867 1278 1961 quid

204 1972 304 2064 prius
331 1983 502 2062 operatus
528 1964 635 2054 effet3
670 1988 741 2039 nec
764 1963 1001 2060 erripodiavit²
1029 1969 1113 2058 quid
1138 1970 1278 2062 operia,

203 2065 288 2143 cuni
301 2066 520 2155 credidiffei,
538 2069 724 2160 expleret,
750 2065 810 2140 sed
827 2065 900 2141 sola
917 2068 1139 2142 confeffione
1149 2064 1295 2161 justifi·'

206 2184 325 2243 catum
339 2170 510 2241 comitem
524 2165 586 2238 fibi
601 2187 683 2242 erun
696 2164 891 2261 paradisum
902 2165 1115 2263 ingreliurus
1131 2168 1281 2262 aliump·

134 2265 138 2272 ’
204 2270 258 2344 stt.
310 2268 379 2342 Sed
404 2266 585 2340 &mulier
602 2267 683 2361 illa,
710 2268 755 2340 de
777 2287 846 2359 qua
870 2269 907 2340 in
928 2264 1132 2365 Evangelio
1154 2266 1279 2342 secun-

205 2371 290 2444 dum
308 2369 445 2443 Lucam
465 2364 644 2454 refertur,
672 2369 755 2459 quia
770 2392 838 2437 cum
855 2367 1057 2462 cognovrffer,
1082 2372 1163 2467 quod
1178 2369 1277 2467 Josur

204 2473 347 2542 'recubuit
363 2474 402 2538 in
420 2471 505 2541 domo
522 2468 693 2556 Pioniai,
719 2469 835 2540 deludit
849 2492 911 2540 vos
926 2473 1100 2563 unguenti,
1126 2469 1165 2546 U
1187 2470 1280 2567 lions
1328 2513 1331 2519 ·

203 2588 292 2642 retro
309 2573 350 2641 od
361 2570 450 2665 podes
467 2574 554 2666 ojus,
577 2594 615 2639 oo
622 2567 731 2665 flens,
755 2572 1006 2676 lacrymislovit
1021 2572 1109 2665 pedes
1121 2574 1217 2668 ojur,·
1235 2567 1277 2647 dr

204 2673 328 2767 capillis
345 2677 459 2764 capitis
469 2672 523 2761 sui
538 2671 674 2764 deterit,
689 2671 729 2747 U
743 2670 938 2759 osculabatur
954 2687 1049 2769 atquo
1064 2672 1198 2765 unguor
1214 2695 1277 2742 un·

201 2789 329 2865 guento.
368 2770 486 2843 Isidem
503 2788 611 2842 autom
629 2770 825 2860 Pharum,
851 2778 907 2870 qui
921 2795 992 2842 eum
1007 2789 1197 2853 uocuverul,
1223 2774 1274 2843 lo·-

95 2943 99 2950 ,
200 2877 253 2941 xit
276 2879 370 2941 iutro
394 2870 603 2965 limeripsum:
633 2869 699 2941 uno
710 2872 736 2964 fi
750 2868 821 2962 effer
841 2871 1019 2968 Propino,
1033 2873 1131 2963 seim
1150 2876 1273 2969 ulique,

203 2970 323 3068 quo&
337 2971 442 3068 quolio
458 2973 498 3066 osi
510 2972 648 3057 mulier,
673 2993 740 3066 quae
754 2978 862 3064 tangil
871 2973 962 3070 pedes
973 2978 1057 3067 ojus,
1082 2977 1157 3070 quio
1171 2993 1274 3068 perto-

200 3077 273 3141 trix
287 3072 335 3169 qi.
361 3068 461 3164 Jesus
478 3085 596 3143 autern
613 3069 703 3141 dixit
718 3071 760 3143 ad
776 3087 857 3145 eunr
868 3074 1082 3165 parabolam
1100 3076 1273 3168 quingen·

200 3184 322 3246 torum
340 3172 400 3243 vel
417 3171 672 3267 quinquaginta
688 3172 942 3257 denariorum
960 3173 1003 3244 ·&
1027 3194 1071 3245 ex
1094 3174 1196 3248 nullo
1221 3175 1272 3247 le·

175 3272 177 3277 ’
197 3272 252 3368 gis
269 3291 401 3366 opere,
428 3270 486 3343 sed
500 3281 578 3364 'pro
600 3267 674 3343 sola
694 3268 766 3344 fide
792 3275 842 3344 ait
858 3273 902 3344 ad
918 3292 1016 3347 earn:
1043 3278 1273 3346 Romirrmrur

198 3371 260 3443 oili
271 3390 392 3468 peccalo
409 3388 484 3441 ruo:
510 3373 545 3442 dt
559 3371 709 3443 iterum:
737 3371 828 3446 Folo
845 3389 903 3442 lua
920 3392 952 3447 le
964 3373 1195 3468 [alvumfitin
1209 3397 1271 3446 vos

195 3471 232 3543 do
248 3477 286 3542 in
299 3491 380 3566 poco.
407 3472 477 3545 Sed
497 3471 585 3543 &in
602 3473 722 3544 inultis
741 3468 929 3568 Evangelii
944 3475 1036 3547 locis
1050 3473 1125 3547 hoc
1140 3471 1271 3549 sermo·

126 3637 136 3648 t
194 3591 243 3646 ne
256 3570 356 3646 usum
370 3574 519 3666 legimus
535 3569 786 3662 salvatorem,
813 3586 854 3644 ut
868 3574 1048 3647 credentis
1062 3568 1170 3650 fidon
1186 3593 1270 3649 cau-

90 3732 92 3737 .
192 3669 264 3747 satn
281 3673 377 3745 dicat
394 3667 464 3744 elle
479 3669 600 3742 salutis
617 3671 705 3762 dius.
732 3671 789 3743 Ex
807 3674 936 3765 quibua
955 3674 1123 3748 omuibus
1138 3676 1265 3766 claret,

100 3789 103 3794 ·
191 3772 290 3864 quod
313 3770 410 3846 redte
435 3771 628 3843 arbitratur
647 3768 1054 3865 Apostolorjustificari
1079 3773 1267 3852 honinem

187 3869 380 3965 perfidem
396 3869 658 3961 fineoberibus
675 3873 783 3968 legio:
809 3869 902 3946 'Sed
928 3870 1079 3948 lortaffir
1105 3874 1183 3950 brec
1202 3876 1265 3948 ali·

186 3976 266 4063 quis
283 3974 432 4050 audiena
450 3968 685 4070 resoluatur,¹
701 3972 737 4046 dt
754 3972 989 4096 muqfodi
1004 3974 1262 4072 negligentiam

155 4133 158 4140 ,
599 4085 635 4136 ι’-
843 4107 932 4142 vm.»
1106 4093 1208 4162 'um‘
