2825 4559
167 231 208 246 '⁶
256 231 365 378 'gru
390 277 561 400 urrsr.
587 235 665 360 ¹no
690 283 919 364 uounu.
945 286 1047 366 tm.
1074 287 1115 370 te
1142 275 1144 280 ’
1196 314 1241 392 19

166 453 330 558 stolatum.
362 448 488 524 Gratia
506 450 551 523 ad
569 445 734 522 laborum
750 451 959 542 patientiam
973 451 1159 528 referenda
1172 452 1241 544 esta
1319 457 1324 504 -'

175 551 417 648 Apostolatua
443 549 487 620 ad
515 551 778 642 predicationis
798 550 1069 640 auctoritatem
1095 556 1176 646 quia
1204 555 1239 628 u

173 651 249 746 ipse
269 649 428 746 Christus
449 647 647 740 Apostolus
666 649 817 740 dicitur,
844 650 880 721 id
897 649 970 745 est,
996 650 1113 726 miffus
1136 677 1155 726 a
1177 653 1239 727 Pa·

173 766 253 850 tre,
280 752 414 843 quippe¹
431 748 491 850 qui
513 747 556 819 ad
581 748 900 844 evangelizandum
923 755 1137 845 pauperibus
1160 751 1239 826 mis-

175 853 249 927 sum
272 849 425 936 sedicit.
478 844 612 920 Omnia
632 869 720 941 ergo
742 869 820 938 quae
834 847 902 920 'sua
922 849 1021 941 sunt,
1048 852 1109 925 dat
1129 854 1237 929 etiam
1273 847 1305 938 „⁶

169 950 354 1044 discipulis
382 947 461 1024 suia.
509 944 633 1044 Gratia
659 947 790 1019 dicitur
819 946 942 1021 diffusa
967 953 1002 1021 in
1025 950 1125 1024 labiis
1151 955 1238 1045 ejus.

172 1050 307 1124 Dat&
332 1043 521 1139 Apostolia
541 1044 609 1119 suis
628 1050 799 1142 gratiam,
827 1064 908 1121 cum
937 1069 1006 1140 qua
1031 1051 1235 1128 laborantes

163 1151 315 1228 dicant:
342 1149 570 1220 Abundantius
588 1171 664 1217 vero
684 1170 776 1244 quana
789 1172 891 1218 amnes
908 1148 960 1218 tna·
978 1150 1143 1220 laboravi:
1168 1175 1236 1226 non

172 1267 280 1324 nutem
296 1249 363 1342 ego,
386 1249 437 1334 sed
448 1250 558 1340 gratia
580 1252 644 1320 Dei
661 1272 787 1321 mecum.
840 1244 889 1319 Et
908 1248 987 1338 quia
1006 1250 1051 1322 de
1068 1249 1144 1341 ipso
1162 1252 1237 1324 dic·

127 1352 130 1424 1
175 1363 254 1425 tum
269 1347 338 1422 est:
370 1348 531 1426 Habentes
550 1350 652 1439 igitur
672 1348 855 1436 Pontificem
873 1348 912 1422 <5
930 1348 1105 1445 Apostolum
1119 1352 1237 1443 confes·

163 1453 268 1548 ,fionb
286 1449 403 1545 nostra·
419 1445 598 1543 Christum,
622 1446 682 1519 dat
705 1442 882 1538 discipulis
908 1444 975 1520 suis
995 1447 1236 1539 Apostolatus

175 1551 441 1645 dignationem,
456 1561 498 1620 ut
513 1546 548 1618 u
561 1544 624 1639 ipsa
636 1543 835 1620 efficiantur
854 1547 1031 1640 Apostoli
1044 1549 1125 1623 Dei.
1158 1548 1236 1623 Nc·
1292 1639 1296 1649 Ι

135 1663 139 1672 ’
160 1670 246 1742 oue
260 1650 354 1721 enirn
371 1660 520 1743 gentes,
547 1665 625 1738 quae
638 1660 740 1719 erant
758 1649 868 1716 aliene
885 1672 904 1716 a
921 1648 1100 1741 testamento
1119 1652 1183 1722 Dei
1195 1651 1235 1726 (5

166 1749 412 1838 sonmrsn'rione
430 1746 545 1835 Israel,
573 1746 721 1817 credere
740 1761 911 1838 poterant
923 1746 1146 1843 Evangelio,
1173 1748 1236 1825 niss

173 1870 239 1943 per
261 1848 435 1946 gratiam,
463 1865 541 1937 quae
563 1842 750 1935 Apostolis
774 1844 891 1918 fuerat
916 1847 1019 1939 data,
1044 1850 1236 1940 perquam

172 1949 449 2043 praedicantibus
467 1941 653 2040 Apostolis
668 1946 704 2017 in
720 1939 827 2019 fidem
848 1947 998 2018 obedire
1021 1947 1174 2042 dicitur,
1200 1949 1236 2021 u

170 2052 211 2122 in
228 2067 372 2122 omnem
389 2062 520 2120 terram
538 2045 583 2118 de
601 2048 750 2119 nomine
768 2044 895 2118 Christi
913 2044 1019 2120 sonus
1036 2051 1156 2142 gratiae
1170 2069 1236 2124 eo·
1269 2132 1273 2139 ,

161 2169 252 2220 rum
266 2159 570 2220 commemoratur
584 2142 713 2236 exiffe,
739 2145 788 2218 ita
807 2156 849 2215 ut
865 2145 907 2216 ad
926 2163 1010 2237 eos,
1037 2146 1236 2239 qui'Romae

171 2247 256 2339 sunt
280 2250 513 2341 perveniret,
539 2246 582 2316 ad
608 2264 699 2333 quos
724 2244 774 2325 ait
798 2244 1018 2335 Apostolus:
1058 2250 1099 2319 ln
1123 2248 1237 2343 quibus

174 2348 241 2441 eliis
260 2345 300 2424 (5
316 2372 374 2416 vos
394 2353 503 2415 vocati
527 2344 607 2438 Jesu
628 2343 761 2439 Christi.
815 2339 941 2418 Paulus
963 2361 1116 2419 vocatus
1134 2346 1237 2440 Apo·

172 2447 289 2522 stolus
303 2447 455 2538 dicitur,
483 2443 684 2516 &Romani
699 2443 823 2515 vocati
836 2442 1003 2536 quidem,
1022 2466 1098 2518 non
1117 2460 1237 2521 tamen

176 2543 365 2637 Apostoli,
392 2544 450 2616 sed
469 2543 594 2616 vocati
613 2540 714 2614 sancii
733 2542 1028 2633 inobedientiam
1047 2540 1143 2620 fidei.
1177 2545 1237 2621 De

181 2644 381 2718 diversitate
399 2657 517 2717 autem
533 2656 751 2713 vocatorum
764 2642 836 2731 jam
852 2632 1008 2730 superius
1024 2642 1187 2728 diximus.
1297 2645 1299 2652 '

256 2753 286 2824 8.
317 2745 489 2832 Omnibus,
513 2745 571 2840 qni
589 2742 670 2828 suant
692 2743 796 2809 Roma
814 2740 934 2810 diletis}
956 2744 1036 2811 Dei:
1058 2750 1164 2836 gratia
1182 2769 1237 2814 vn·

173 2842 221 2915 bis
248 2844 286 2919 ὅ
304 2868 410 2940 pax-o
437 2847 504 2914 Deo
531 2844 627 2917 Patre
645 2841 767 2934 nosiro,
787 2838 826 2914 (5
853 2844 988 2911 Domino
1008 2843 1085 2937 Jesu
1104 2843 1238 2937 Christo.
1309 2841 1332 2920 '‚

164 2941 384 3017 -Benedidiio
400 2944 476 3016 haec
493 2940 637 3035 pacis&
653 2941 795 3035 gratie,
822 2958 925 3029 quam
945 2940 1005 3013 dat
1016 2942 1151 3016 dilediis
1167 2942 1237 3016 Dei

166 3044 218 3115 ad
239 3064 331 3133 quoa
346 3043 467 3114 scribit
484 3038 682 3134 Apostolus
701 3037 851 3129 Paulus,
879 3052 969 3130 puto
985 3042 1083 3131 quod
1103 3063 1177 3116 non
1197 3044 1238 3117 sit
1305 3065 1315 3122 ᾔ

164 3144 316 3234 minor,
342 3162 444 3232 quam
464 3139 533 3213 fuit
558 3137 762 3212 benedibiio
786 3138 872 3212 Noe
892 3139 929 3211 in
950 3140 1092 3218 Sem&
1116 3144 1155 3214 in
1181 3143 1260 3236 Jas.

175 3242 308 3333 puech,
337 3245 413 3332 que
431 3260 500 3335 ¹per·
523 3238 691 3333 Spiritum
712 3238 858 3331 impleta
880 3235 931 3311 est
953 3260 1037 3336 erga
1059 3262 1151 3333 eos,
1178 3242 1240 3331 qui

174 3339 320 3415 fuerant
335 3338 532 3414 beneditii:
558 3337 761 3412 similiter&
780 3338 869 3410 eain
885 3357 953 3428 qua
966 3340 1171 3413 benedictus
1188 3340 1239 3414 est

173 3437 361 3514 Abraham
379 3434 699 3524 aMelchisedecb,
716 3436 875 3531 &Jacob
893 3457 911 3508 a
929 3453 1029 3529 patre
1047 3436 1110 3514 suo
1127 3440 1237 3533 isaac,

174 3539 423 3614 &duodecim
449 3538 682 3628 Patriarcbae3
710 3554 779 3627 qua
803 3536 1069 3611 benedicuntur
1091 3561 1110 3611 a
1134 3554 1238 3637 patre
1274 3549 1278 3560 ‘

174 3635 242 3714 suo
259 3637 381 3725 lsrae13
408 3640 470 3712 vel
485 3634 688 3713 benedictio
705 3633 850 3731 Moysi,
869 3654 938 3727 qua
954 3638 1138 3724 benedixit
1150 3638 1240 3711 dno·

176 3739 294 3813 decim
319 3737 453 3812 Tribus
476 3734 592 3811 Israel.
645 3735 736 3809 Non
762 3753 850 3830 ergo
877 3737 931 3810 hia
958 3742 1123 3812 omnibus
1149 3738 1240 3812 inf·

174 3840 311 3914 aionem
330 3839 426 3912 duco
447 3837 538 3911 hanc
561 3832 731 3929 ¹Apostoli
746 3833 1057 3929 benediciionem
1085 3856 1162 3930 quae
1178 3841 1240 3912 be·
1305 3893 1318 3900 -

127 4027 132 4034 .
167 3937 318 4026 ,taeduit
346 3934 522 4022 Eccleiiaa
547 3931 807 4116 Christi.BAit
833 3929 930 4027 euim
957 3932 1088 4033 &ipse
1114 3935 1159 4112 ἃς
1185 3934 1239 4013 sea
1309 3961 1314 3982 ¹

226 4072 239 4122 ς’
758 4058 780 4114 2
1015 4117 1018 4132 Ι
1152 4053 1211 4110 uto
