2825 4559
253 305 318 385 [Ν
346 299 523 384 oriar.
547 299 628 378 no
654 295 884 380 nouum
909 298 1013 388 Lm.
1038 298 1113 381 rrr.
1169 307 1237 404 ru
1317 397 1327 422 ι

168 473 309 568 capiat,
335 470 504 564 liquidem
528 467 573 542 ad
592 462 856 563 justificandum
876 459 969 544 fidet
984 463 1058 543 sola
1075 463 1233 546 sufficiat.

168 574 348 664 Adquem
364 571 542 661 dicemus,
569 569 670 661 quia,
695 567 778 660 poll
787 563 1080 659 justificationem
1104 567 1237 662 srinju·
1302 589 1304 595 ·

166 673 221 748 ste
237 674 315 764 quia
332 686 425 769 agat,
434 653 635 744 fine'dubio
645 662 910 762 justificationis
925 670 1072 765 gratiam
1090 668 1238 766 sprevit.

165 772 302 864 Neque
318 777 411 846 enim
429 773 480 844 ob
494 771 569 844 hoc
581 772 659 862 quia
677 770 811 863 accipit
825 768 968 844 veniam
985 779 1236 876 peccatorum,

165 887 212 945 ut
226 869 361 946 rursum
377 872 439 944 srbi
455 870 749 1044 putetlpeccandi
766 869 947 942 licentiam
961 869 1091 946 datam.
1118 871 1238 954 indul·

163 975 287 1070 gentia
302 990 455 1063 namque
469 990 548 1045 non
579 983 788 1062 uturorum,
808 966 867 1041 sed
884 971 1150 1062 preteritorum
1169 977 1236 1050 cri.

162 1072 434 1160 minumdatur.
461 1071 571 1168 lgitur
586 1085 628 1142 ut
646 1072 690 1142 ad
703 1068 928 1163 proposrtum
945 1053 1154 1166 redeamus,
1177 1078 1234 1168 jn.

163 1170 339 1254 stificatur
361 1173 475 1246 homo
498 1188 562 1265 per
584 1165 712 1256 fidem,
739 1171 795 1241 cui
812 1165 1131 1342 add‘ustificandum
1146 1165 1236 1254 nihil

165 1271 366 1347 conferunt
384 1290 496 1363 opera
510 1270 614 1366 legis.
655 1268 729 1342 Ubi
749 1287 837 1364 ergo
882 1270 943 1342 dea
961 1269 1128 1366 nonest,
1155 1296 1235 1368 que

163 1375 374 1446 credentem
387 1367 576 1464 justificet,
601 1367 735 1443 etiamfi
754 1389 867 1459 opera
880 1370 958 1462 quis
976 1369 1108 1445 hebeat
1121 1393 1166 1448 ex
1181 1376 1235 1454 le·

162 1493 229 1569 ge,
257 1488 378 1546 tamen
403 1472 583 1561 quianon
609 1463 882 1542 suntaedilicata
903 1465 1007 1563 supra
1024 1469 1235 1570 fundamen.

162 1589 241 1646 tum
260 1566 366 1665 fidei,
395 1572 555 1663 quamvis
575 1570 765 1643 videantur
783 1565 853 1642 elle
867 1570 987 1664 bona,
1008 1584 1128 1646 tamen
1147 1595 1195 1671 op
1220 1617 1235 1640 .

162 1687 324 1746 retorem
341 1671 439 1746 suurn
452 1666 645 1764 justificare
661 1689 738 1744 non
756 1663 923 1762 poliunt,
950 1671 1049 1760 quod
1065 1675 1117 1748 eis
1136 1599 1234 1752 dee}

164 1763 279 1866 fides,
304 1793 381 1864 quae
405 1765 459 1844 est
479 1770 695 1866 signaculum
715 1789 863 1862 eorum,
890 1768 950 1861 qui
963 1768 1236 1863 justificantura

167 1871 275 1966 Deo,
311 1872 401 1946 ficut
424 1867 583 1963 superius
605 1870 781 1960 diximus,
808 1872 890 1961 quia
913 1874 1046 1943 credidit
1071 1876 1236 1950 Abraham
1307 1939 1309 1946 .

164 1977 256 2051 Deo,
283 1970 516 2067 &reputatum
534 1971 574 2068 ιβ
591 1975 621 2043 er'
635 1973 675 2042 ad
688 1971 859 2070 justitiam.
910 1968 1070 2046 Tantum
1093 1973 1167 2069 est,
1193 1991 1236 2052 ut

163 2065 1018 2270 lull1'”llllilrlullmilrilll
1037 2071 1237 2258 iiiiii

322 2220 334 2255 θ
652 2219 665 2262 9
1003 2215 1016 2252 θ

159 2273 248 2369 fuir.
299 2268 514 2345 Ex'cluditur
532 2291 620 2367 ergo
640 2275 758 2348 omnia
776 2273 966 2367 gloriatio,
993 2292 1071 2365 quae
1088 2298 1133 2349 ex
1150 2271 1238 2376 le'g'is

164 2373 336 2467 operibus
354 2371 466 2446 venit
502 2367 550 2443 Et
570 2387 610 2444 ut
626 2372 742 2446 adhuc
756 2367 973 2446 manifestius
991 2367 1055 2445 liat
1072 2378 1171 2467 quod
1187 2379 1241 2454 di·
1323 2397 1330 2416 ‘

164 2475 300 2567 aimus,
326 2474 529 2568 exemplum
545 2472 705 2547 dabimus
723 2490 769 2546 ex
782 2471 860 2563 hir,
887 2491 965 2564 quae
981 2473 1019 2546 in
1035 2470 1238 2573 Evangelio

163 2569 295 2666 scripta
314 2569 417 2664 sunt,
445 2572 507 2644 ubi
523 2568 680 2646 ascendit
696 2569 889 2646 Pharisaeua
907 2572 941 2644 da
959 2568 1174 2652 Publicanos
1192 2578 1238 2652 ad
1335 2619 1340 2628 ,

163 2674 339 2767 templum
360 2672 450 2760 Dei;
476 2671 514 2748 (5
523 2673 631 2768 flans,
653 2672 793 2763 inquit,
823 2671 1001 2760 Phaniam
1020 2679 1057 2743 in
1072 2679 1237 2765 medinm·-

165 2775 275 2846 rebot:
308 2779 414 2862 Deras,
438 2777 560 2866 gratias
578 2796 633 2866 ogr
650 2773 732 2859 ribi,
758 2777 908 2868 quoniam
923 2771 1072 2865 nomsum
1085 2776 1166 2870 ficut
1182 2802 1239 2850 ca·

161 2879 231 2946 deri
245 2875 405 2960 homines,
424 2890 575 2970 raptores,
590 2874 715 2969 injusti,
734 2872 892 2960 adulteri,
912 2873 966 2946 uei
981 2889 1019 2943 ur
1034 2882 1129 2947 eriam
1149 2879 1239 2952 Pulli

161 2998 262 3047 tanus
277 2973 350 3069 ifle:
370 2976 483 3072 jejuno
502 2976 551 3044 bis
567 2976 605 3044 in
615 2972 750 3062 sabbato
760 2990 775 3059 ,⁶
801 2973 930 3054 decimat
949 2974 987 3045 do
1003 2982 1156 3062 omnium,
1172 3003 1239 3076 qua

161 3069 314 3172 poffider,
341 3074 539 3164 &reliqua
565 3069 615 3146 Et
631 3074 709 3147 haec
728 3071 878 3148 fortaliit
896 3093 983 3146 vere
1002 3075 1152 3170 dixerit,
1179 3078 1239 3153 sed

165 3174 362 3249 secundum
392 3173 538 3246 Domini
564 3167 777 3246 senteutiam
800 3172 979 3265 Jaoannae
1004 3179 1137 3252 morbo
1160 3199 1242 3253 cor·

165 3289 295 3372 ruptus¹
319 3292 396 3347 non
419 3270 601 3347 descendit
624 3270 837 3366 justificatus
867 3274 912 3348 de
939 3276 1088 3366 templo.
1140 3277 1241 3353 Talis

167 3391 258 3470 ergo
271 3371 466 3470 gloriatio,
494 3393 571 3464 quae
599 3373 772 3446 veniebat
795 3375 1028 3464 exoperibus
1045 3376 1154 3473 legis,
1181 3395 1243 3452 ex·

159 3474 347 3566 eluditur,
375 3473 547 3566 quianon
563 3473 676 3566 habet
700 3473 937 3546 humilitatem
958 3476 1073 3549 crucia
1093 3475 1220 3553 Christi
1229 3501 1240 3552 ·:

161 3574 206 3658 ¹in
222 3595 292 3664 qua
307 3575 366 3667 qui
385 3573 560 3670 gloriatur
576 3565 658 3646 a'udi
676 3571 761 3664 quid
778 3572 886 3646 dicit:
906 3575 1011 3644 'Mihi
1034 3593 1141 3649 aurem
1167 3581 1243 3676 abfit
1310 3620 1313 3626 Δ

164 3667 320 3769 gloriari,
345 3671 406 3764 nifi
422 3679 457 3743 in
473 3697 563 3743 cruce
581 3677 717 3743 Domini
732 3673 801 3746 mei
824 3674 903 3767 Jesu
922 3674 1060 3770 curisti,
1082 3699 1245 3777 perquem

167 3774 250 3846 nidi
265 3775 398 3848 mundus
413 3776 586 3865 crucnixur
601 3771 663 3860 eil,
688 3771 727 3848 Θ
741 3795 790 3864 ego
805 3775 931 3850 mundo.
959 3774 1073 3850 Vides
1084 3778 1244 3872 Aposto.

171 3871 246 3948 lum
267 3891 346 3950 nou
366 3874 585 3972 gloriantem
606 3869 710 3964 super
732 3869 866 3963 justitia
888 3872 966 3965 su'a,
1000 3895 1119 3968 neque
1142 3877 1246 3975 super

169 3969 355 4070 castitate,
381 3986 500 4067 neque
516 3969 829 4150 super-seffor,
853 3992 973 4084 oeque
990 3969 1093 4073 iuuet
1108 3981 1258 4054 euteria

738 4097 760 4152 a
1104 4079 1233 4153 uirtu-
