2825 4559
205 356 280 438 ,μ
367 325 656 408 ortorum
697 301 1106 414 couuturnrss

210 515 289 574 rum
306 493 536 590 habueruut,
556 489 618 568 sub
641 494 743 586 cujus
769 481 952 584 potestate'
970 491 1156 564 vivebant.
1209 485 1281 562 Sed

197 595 275 670 'ubi
296 595 401 668 venit
426 593 615 684 plenitudo
642 606 870 688 temporum,
903 594 962 666 lex
982 587 1149 666 infirmari
1170 589 1282 682 coepit

212 695 402 785 incarne,
429 689 730 770 &infirmitatem
756 713 854 772 mora
878 690 1070 765 consecuta
1094 687 1164 779 est,
1199 686 1232 760 o
1261 685 1286 762 st

214 794 274 888 qui
292 790 354 866 sub
369 789 547 885 potestate
562 791 668 887 hujus
686 792 754 865 viri
772 793 937 868 vixerant
954 805 1122 882 tanquam
1139 791 1285 878 mulier,

212 906 358 972 mortua
374 893 495 966 littere
510 890 645 987 spiritui
662 895 806 970 nubunt
819 887 967 974 Christo
984 889 1183 964 credentes.
1208 923 1211 930 ·
1236 888 1284 960 Hi

213 1012 411 1167 titteris
423 989 1288 1185 ttilliti?subtiliusltili

216 1189 369 1283 vixisse,
396 1213 466 1268 nec
483 1189 640 1268 babuiue
666 1195 781 1266 virum
802 1193 890 1286 legis
908 1188 1120 1263 sermonem.
1171 1184 1287 1260 Testi-

216 1293 378 1370 nonium
393 1306 512 1366 autent
528 1291 634 1382 huius
648 1293 723 1383 rei,
748 1292 783 1366 id
803 1291 877 1382 est,
904 1289 1003 1383 quod
1021 1287 1142 1381 utqui
1159 1308 1204 1360 ex
1221 1288 1288 1366 cir-¹

219 1391 439 1470 unctione
455 1387 558 1484 brot,
582 1389 645 1467 sub
668 1393 751 1465 viro
772 1389 930 1481 fuerint,
955 1391 989 1464 bi
1008 1403 1142 1481 autern,
1160 1388 1219 1476 qui
1239 1407 1286 1462 ex

218 1487 422 1583 Gentibus,
448 1490 521 1566 stoc
538 1491 646 1579 viro,
675 1489 793 1566 Esaiae
812 1491 969 1582 declaret
983 1488 1127 1562 dicens:
1160 1491 1288 1560 Latara

211 1589 334 1696 findis
350 1616 417 1689 qam
433 1615 498 1662 non
515 1598 624 1686 paris,
649 1595 771 1690 erumpe
788 1587 826 1668 (5
846 1593 945 1670 clamo
960 1614 1026 1686 qua
1042 1613 1109 1658 noar
1120 1594 1289 1688 parturi13

218 1696 369 1790 quantam
382 1690 481 1763 milri·
491 1693 558 1778 filii
574 1692 715 1780 deserte,
739 1697 834 1782 magis
850 1715 945 1786 quam
960 1695 1027 1786 ejus
1043 1715 1110 1783 quaa
1127 1690 1220 1756 sibim
1235 1696 1287 1756 vi-

218 1797 304 1866 dear.
355 1790 499 1868 Multos
524 1787 620 1868 filios
646 1792 736 1866 dicit
758 1791 925 1882 defore,
951 1790 1061 1886 magis
1084 1808 1188 1878 quam
1212 1790 1288 1878 eius

221 1909 300 1985 que
317 1891 424 1965 habet
444 1890 582 1979 virum,
609 1892 709 1982 quod
734 1892 851 1974 multo
875 1892 996 1982 ploret
1022 1909 1068 1962 ex
1091 1887 1290 1980 Gentibus,

218 2010 324 2084 gurm
346 2012 391 2064 ex
409 1989 680 2066 circumcisione
698 1989 936 2066 crediderint:
961 1990 995 2062 de
1013 1987 1187 2077 ostendit,
1212 2009 1288 2060 earn

219 2108 300 2184 quo
313 2089 423 2164 habet
437 2090 578 2180 virum,
604 2088 819 2187 synagogam
841 2087 911 2164 esse
932 2109 1008 2178 que
1029 2089 1139 2185 babet
1152 2088 1290 2179 legem:

182 2280 187 2293 .
218 2188 395 2268 deserum
415 2208 508 2264 vero
530 2187 563 2262 dt
580 2210 729 2285 vagam,
756 2211 796 2265 ac
820 2189 893 2266 stne
913 2191 984 2262 ulia
995 2185 1179 2292 potestate
1200 2188 1288 2281 legis

216 2293 422 2379 viventem,
434 2287 606 2366 Gentium
623 2289 899 2376 multitudinem,
907 2310 984 2379 quae
1004 2289 1037 2366 dt
1055 2285 1178 2360 sterilis
1194 2302 1288 2380 erat,

218 2389 351 2467 nullius
370 2389 517 2484 legitimi
537 2390 640 2465 verbi
659 2390 849 2484 proferens
865 2410 1022 2484 germen.
1061 2386 1215 2466 Ponitur
1235 2408 1290 2458 er·

179 2555 183 2566 .
217 2507 268 2586 go
289 2489 327 2562 in
346 2487 400 2562 his
420 2489 465 2566 ab
483 2487 673 2584 Apostolo·
689 2492 817 2581 bomo,
836 2490 895 2579 qui
912 2486 973 2561 sub
990 2489 1072 2581 lege
1089 2487 1196 2568 vivit,
1213 2500 1289 2559 tan·

219 2598 327 2680 guam
343 2588 491 2677 mulier,
519 2609 599 2684 quc
617 2587 678 2666 sub
697 2590 779 2662 viro
798 2587 860 2664 est.
896 2589 1020 2662 Virum
1042 2602 1161 2661 autern
1182 2589 1290 2681 ponit

218 2685 420 2766 sermonem
442 2687 553 2782 legin,
578 2709 686 2781 quem
705 2706 825 2764 tamen
845 2687 962 2763 virum
981 2699 1165 2766 mortuum
1186 2687 1289 2780 dicit,

218 2789 281 2878 qui
297 2785 348 2862 est
367 2785 556 2864 secundum
572 2789 711 2874 literam
729 2786 844 2864 sermo
862 2789 960 2881 legis.
1008 2786 1077 2860 Sed
1093 2787 1121 2870 ir
1136 2804 1291 2877 quomo·

118 2933 124 2946 ι
218 2885 329 2963 dosrt
343 2887 791 2981 mortuur‚pervidendum
804 2886 866 2962 est.
894 2884 1016 2959 Potest
1030 2886 1291 2976 quidemetiam

215 2985 255 3062 in
269 2984 344 3058 hoc
359 2984 472 3058 videri
490 2999 676 3079 mortuus,
694 3008 774 3061 curn
793 2984 956 3079 spiritalis
975 2986 1208 3081 intelligentia
1226 3006 1289 3057 ex·

203 3084 330 3164 cludit
358 3083 521 3158 dovelut
544 3085 715 3189 interimit
739 3086 992 3177 corporalem,
1019 3085 1173 3159 &velut
1188 3084 1248 3158 rei
1272 3125 1285 3145 ·
1328 3131 1334 3154 .

241 3183 384 3258 iendam
400 3181 470 3258 else
484 3187 716 3262 occidentem
733 3188 894 3269 literam,
914 3184 947 3259 dt
964 3182 1180 3276 sequendum
1200 3187 1291 3256 viui·

215 3204 387 3374 gemtem
408 3282 577 3375 spiritum.
603 3287 675 3360 Sed
692 3287 725 3358 dr
740 3287 813 3359 boc
830 3284 944 3362 modo
962 3300 1127 3360 mortuus
1142 3282 1212 3360 else
1229 3283 1289 3359 hic

216 3385 277 3456 vir
290 3384 496 3460 evidentius
514 3386 785 3480 approbabitur.
838 3382 981 3459 Etenim
1003 3385 1124 3457 donec
1139 3386 1198 3456 lex
1214 3403 1288 3457 urn-

185 3557 198 3566 ,,
216 3482 316 3560 bran
341 3487 490 3579 gerebat
515 3482 720 3562 futurorum
746 3486 950 3576 bonorum,
984 3484 1077 3559 &in
1094 3482 1287 3577 Jerusalem

216 3593 363 3658 terrent
375 3579 526 3662 coelestir
543 3583 691 3659 culturae
706 3599 816 3676 typus
833 3583 868 3660 dt
885 3586 1003 3678 imago
1021 3585 1226 3678 gerebatur,
1249 3583 1283 3658 dt

216 3683 330 3756 altare
355 3683 583 3758 manebat&
607 3682 866 3775 sacerdotium,
902 3683 1017 3758 sermo
1042 3683 1151 3779 legis,
1183 3685 1288 3760 litera

214 3782 402 3875 videlicet,
422 3782 550 3862 vivete
565 3784 769 3870 videbatur.
793 3782 968 3858 Nondum
989 3782 1081 3860 eninr
1097 3784 1287 3856 introierat

183 3905 189 3920 ’
214 3883 254 3962 in
277 3879 391 3958 sansle
414 3901 491 3956 noo
511 3882 711 3958 manufacta
737 3881 917 3970 Christus,
944 3902 1012 3956 nec
1033 3879 1225 3956 recesserat
1241 3883 1285 3958 ad
1306 3907 1313 3918 ·

211 3982 381 4062 velamen
395 3982 569 4087 ioteriut,
585 3983 683 4084 quod
700 3984 743 4064 ad
760 3981 936 4082 Hebreoe
952 3980 1108 4070 scribens
1124 3980 1283 4078 Aposto-

150 4081 171 4145 ¹
1178 4083 1234 4161 tua
