2825 4559
192 253 299 341 ·240
390 179 677 322 onronnrr
717 244 1129 331 conunnrnn.
1175 293 1178 298 -
1218 329 1220 336 .
1266 193 1269 204 ¹

207 471 210 476 ,
227 412 376 484 ultimus
395 411 457 484 vel
471 408 677 486 novimum
696 409 941 487 destruendus.
994 414 1208 500 Destruetur
1234 413 1296 491 au·

189 581 194 594 ,
228 526 302 585 tem
319 515 356 584 in
373 529 439 591 eo,
464 524 506 580 ut
521 512 613 582 ultra
630 532 705 583 non
722 527 859 606 regnet.
889 514 1001 612 Quod
1023 513 1137 588 srnon
1154 505 1293 612 regnat.¹

230 627 366 685 certum
387 609 437 690 est
452 603 544 704 jam,
570 619 639 682 ne'c
658 603 827 684 ‘delidium
849 611 1008 686 futurum
1032 609 1123 708 effe,
1156 618 1192 688 in
1220 637 1295 709 quo

156 713 161 722 “
227 709 309 786 solo
326 711 452 828 proruis
471 705 522 782 est
536 729 706 806 regnum,
734 724 821 782 tunc
837 710 908 784 srne
926 714 1052 804 dubio,
1065 733 1145 788 cunr
1163 715 1206 787 ed
1220 736 1300 792 eam

230 813 380 887 dicitur:
416 813 477 881 Ubi
494 808 533 908 ed
547 834 628 880 mors
643 815 761 880 aculem
781 806 881 883 tuus?
907 815 1074 904 quoniam
1090 815 1298 908 quidem,ut

230 909 305 1007 ipse
322 907 522 1003 Apostolus
541 910 649 988 dicit,
673 914 795 980 aculeus
813 917 924 980 mortis
940 931 1097 1008 percarum
1112 916 1163 1010 eii,
1188 920 1300 986 virtus

145 1049 157 1080 t
229 1029 336 1084 aurem
349 1009 541 1106 peccatilex.
566 1008 689 1082 Restat
702 1031 811 1106 ergo,
838 1026 926 1083 tunc
941 1033 1059 1110 neque
1074 1014 1187 1109 legem
1204 1015 1300 1088 iutu-

228 1133 326 1202 τισι,
352 1110 534 1198 siquidem
548 1113 688 1203 peccati
706 1116 824 1182 uirtus
839 1109 910 1204 ipsa
928 1112 1079 1205 dicatur,
1100 1131 1140 1184 ut
1155 1116 1298 1204 peccati

229 1214 370 1283 virtute
385 1208 539 1298 sublata,
565 1211 696 1281 merito
721 1204 826 1304 poffit
849 1207 1048 1306 &regnnm
1067 1216 1194 1284 mortis
1212 1217 1299 1286 abo·

230 1312 315 1396 leri,
340 1310 410 1381 Sed
425 1310 502 1381 haec
519 1307 554 1380 in
565 1305 714 1381 exceiiu
731 1330 827 1382 nunc
843 1307 931 1384 diua
948 1311 1034 1384 srnt:
1063 1309 1129 1384 suis
1146 1315 1240 1386 enim
1261 1317 1299 1387 in

227 1412 322 1486 locis
339 1405 580 1504 opportunius
597 1412 838 1499 requirentur.
870 1410 991 1483 Velim
1010 1419 1131 1486 tamen
1146 1434 1302 1503 percon·

229 1513 297 1584 tari
314 1508 504 1605 (quoniam
523 1507 666 1598 quidem
683 1523 839 1584 mortem
855 1528 1004 1606 regnum
1024 1503 1132 1598 usque
1148 1512 1189 1582 ad
1211 1534 1300 1602 prae·

227 1609 376 1686 sentiam
400 1604 550 1694 Christi,
577 1607 636 1697 qui
659 1605 710 1680 est
734 1610 830 1698 vita,
857 1609 1008 1700 diximus
1034 1609 1204 1695 tenuiiie3
1233 1633 1302 1685 ve·

228 1708 316 1784 niffe
339 1727 432 1778 vero
459 1701 633 1780 Christum
655 1708 752 1813 ⁸dicit
778 1704 978 1799 Apostolus
1003 1727 1079 1780 non
1108 1709 1219 1782 solum
1255 1710 1300 1785 ad

230 1822 385 1884 mortem
402 1803 669 1896 destruendam,
696 1806 755 1878 sed
774 1805 807 1879 dr
826 1807 869 1879 ad
888 1808 986 1879 illum
1003 1803 1135 1902 ipsum,
1163 1810 1222 1899 qui
1242 1811 1302 1884 ha·

229 1911 340 1984 bebnt
357 1908 487 1978 mortis
505 1907 715 2000 imperium,
743 1906 777 1980 id
799 1906 862 1994 est,
879 1907 1097 1994 Diabolum,
1124 1911 1159 1980 in
1178 1910 1301 1984 medio

230 2008 327 2098 hoc,
354 2003 477 2096 idest,
506 2019 697 2106 antequam
716 2003 900 2100 illudunt,
929 2009 1025 2096 quod
1045 2007 1297 2099 scriptumest:

231 2109 357 2180 Deinde
363 2106 468 2197 finis,
495 2129 564 2174 cnm
582 2108 752 2175 tradiderit
768 2131 896 2198 regnum
918 2114 983 2176 Deo
1001 2117 1034 2180 U
1061 2106 1192 2202 farris)
1221 2111 1299 2200 quia

229 2221 367 2302 regnat.
420 2202 455 2277 Si
473 2205 566 2278 enim
584 2204 741 2277 dicimus
756 2204 814 2308 id,
842 2208 940 2297 quod
958 2202 1180 2297 consequens
1200 2213 1302 2281 vide·
1331 2282 1335 2292 ,

231 2323 311 2398 tur,
338 2306 419 2397 quia
440 2305 517 2376 vita
539 2317 667 2400 regnat
690 2318 809 2376 morte
832 2304 1027 2393 deurode,
1054 2303 1174 2398 potest
1191 2309 1299 2380 nobis

231 2407 391 2481 occurri:
426 2405 628 2500 Quomodo
653 2424 742 2498 ergo
764 2404 963 2494 peccaturi
1001 2403 1049 2476 Et
1076 2404 1300 2482 manifestum

229 2504 281 2582 est
300 2520 455 2580 mortem
470 2524 620 2600 regnare
635 2524 699 2594 per
719 2520 918 2595 peccatum.
963 2504 998 2576 Si
1015 2526 1106 2576 vero
1122 2508 1297 2595 dicamus,

228 2607 268 2681 in
284 2603 493 2697 quibusdem
512 2623 661 2701 regnare
680 2599 879 2694 Christum,
906 2601 979 2677 hoc
1007 2602 1075 2694 est,
1106 2606 1236 2687 vitam,
1265 2607 1301 2678 dr

219 2707 267 2782 in
281 2704 490 2796 quibusdem
505 2718 680 2775 mortem:
707 2725 823 2793 quos,
852 2717 914 2775 aut
930 2703 990 2776 ubi
1006 2702 1246 2797 inveniemus,
1261 2707 1299 2778 in

229 2806 359 2900 quibus
378 2805 427 2874 ita
443 2821 592 2897 regnum
610 2800 652 2874 srt
668 2802 776 2892 vite,
802 2818 843 2873 ut
866 2824 1014 2898 regnum
1034 2804 1160 2876 mortis
1185 2801 1220 2874 in
1246 2807 1299 2876 eie

227 2925 307 2980 non
324 2905 453 2976 habear
472 2897 707 2994 potestatem,
735 2901 809 2973 hoc
826 2900 899 2992 est,
928 2903 985 2993 qui
1004 2907 1146 2992 penitus
1162 2906 1299 2996 absque

231 3015 387 3098 peccato
406 2995 504 3072 finti
557 3001 647 3098 Quae
663 2997 748 3073 mihi
768 3001 937 3072 videntur
954 3005 1062 3094 magis
1082 3002 1125 3074 ad
1140 2997 1302 3078 futurum

227 3103 411 3198 pertinere
428 3117 596 3194 regnum,
624 3099 720 3171 &ibi
736 3100 812 3172 haec
825 3097 895 3172 effe
911 3102 1146 3193 complenda,
1173 3104 1232 3174 ubi
1250 3101 1300 3175 di·

197 3206 344 3294 uitur,
372 3200 470 3290 quod
482 3199 522 3290 fir
540 3201 624 3269 Deru
642 3206 747 3270 omnia
763 3207 799 3268 in
814 3203 966 3271 omnibus.
994 3197 1135 3273 Idcirco
1153 3203 1247 3285 enim
1265 3198 1299 3274 dr

173 3329 176 3336 ’
225 3297 461 3392 inormipne
476 3294 656 3371 dominica
681 3298 802 3371 dicere
821 3301 1012 3373 docemur:
1038 3306 1204 3372 Adveniar
1232 3329 1297 3398 reg.-

227 3428 307 3476 num
329 3419 445 3488 tuum,
479 3393 572 3488 quasi
600 3399 697 3488 quod
724 3401 885 3472 nondum
914 3402 1121 3472 advenerit:
1162 3403 1297 3494 &ipso

225 3497 405 3578 Dominus
423 3498 458 3571 in
476 3495 580 3569 initio
595 3497 858 3591 praedicationis
874 3495 939 3570 suae
955 3520 1031 3571 non
1048 3501 1153 3574 dicit:
1181 3497 1297 3575 Venit

225 3622 375 3704 regnum
395 3598 588 3683 coelorum3
617 3591 689 3688 sed,
704 3602 982 3695 Appmpinquavir
999 3599 1293 3693 regnum'coelrrum.

224 3695 381 3776 Praesenr
399 3717 492 3770 vero
510 3711 649 3784 temous
673 3717 748 3768 non
773 3713 844 3770 tem
868 3699 965 3792 regni
991 3695 1136 3774 dixerim
1160 3699 1296 3794 videri,

227 3823 330 3893 quam
352 3797 456 3870 belli:
483 3816 547 3887 per
561 3794 658 3885 quod
675 3793 807 3872 bellum
827 3792 985 3870 futurum
1002 3821 1147 3892 regnum
1164 3821 1296 3889 quaerr·

84 3919 124 4002 ἢ,
227 3915 305 3974 ture
339 3891 500 3992 quemvis
522 3889 599 3969 hoc
621 3893 705 3990 ipso·
721 3896 805 3972 belli
830 3912 1019 3996 tempore,
1048 3897 1221 4002 quiajam
1249 3919 1292 4008 en

1121 4019 1126 4028 ·
1182 3997 1242 4080 uli-
