2825 4559
242 298 310 398 rm
335 296 512 378 estse.
539 281 616 374 no
642 296 871 377 nonen.
899 294 1004 375 tre.
1028 231 1134 378 'vit
1183 322 1252 404 sss
1282 267 1285 272 ¹

328 422 336 452 1
626 442 629 446 .

183 460 425 541 &sublimius
446 461 528 556 Ne,
553 451 691 555 idquit,
718 481 867 557 parvum
883 460 1039 555 putetis,
1059 461 1157 554 quod
1173 483 1252 544 om·

182 564 239 634 nis
260 564 449 639 nobiscum
475 560 707 660 congemiscit
732 563 766 636 dt
791 561 968 636 condolet
994 576 1176 638 creatura:
1201 587 1250 642 ne
1324 638 1329 648 ,

178 680 333 754 parvum
351 663 537 753 videatur,
565 663 663 756 quod
679 683 748 736 nos
764 662 823 754 ipss
841 662 1012 756 gemimus
1028 682 1098 757 pro
1112 664 1250 740 ,laberi-

181 764 249 833 bus
266 758 408 848 vestris,
432 760 547 836 Etiam
562 764 693 846 divium
707 762 768 855 ipss
783 776 918 834 naturae
935 782 1017 857 erga
1033 782 1166 858 agones
1180 785 1248 839 no·

175 860 269 934 siros
295 857 510 954 (vobiscum
536 864 713 936 coimme
737 881 883 953 quoque
909 860 1117 958 conjungo)
1147 861 1241 940 inest

176 960 320 1050 quidam
344 961 576 1036 miserationis
599 959 768 1051 elicitus,
797 958 919 1054 &ipse
938 964 1082 1056 Spiritus
1101 965 1243 1060 adjuvas

168 1062 396 1148 ,infirmitatem
409 1063 552 1155 nostrum.
586 1061 759 1151 Denique
778 1061 861 1156 quid
878 1080 946 1134 nos
963 1080 1090 1152 orare,
1117 1063 1201 1152 quid
1220 1085 1242 1140 a

173 1157 261 1233 Deo
287 1174 413 1251 petere
439 1175 630 1254 oporteat,
656 1162 872 1257 ignoramus.
924 1159 1107 1233 Interdum
1121 1164 1244 1257 semim,

175 1278 254 1349 quae
278 1263 461 1332 contraria
486 1260 586 1336 saluti
612 1258 712 1348 sunt,
741 1261 926 1354 cupimus,
950 1256 1159 1333 infirmitate
1177 1282 1240 1334 co·

173 1372 295 1451 gente.
321 1357 422 1432 Sicut
437 1366 531 1434 enim
549 1364 626 1453 quis
643 1363 680 1435 in
695 1360 901 1456 egritudine
919 1362 1083 1452 corporis
1099 1360 1243 1454 positus

172 1476 252 1530 non
268 1477 328 1548 ea,
354 1477 431 1548 quas
451 1458 590 1534 sanitati
614 1475 821 1555 congruunt
842 1460 904 1531 vel
920 1458 1154 1547 conducunt,
1180 1458 1241 1536 sed

175 1555 245 1647 ea,
269 1577 346 1647 quae
364 1556 542 1650 presentis
560 1556 774 1636 infirmitatis
792 1557 1000 1637 desiderium
1021 1558 1243 1658 suggesserit,

177 1653 293 1745 poscit
310 1678 329 1729 a
344 1658 507 1732 medico:
533 1661 582 1733 ita
607 1660 640 1731 ἃ
663 1667 733 1736 rios
754 1661 792 1730 in
810 1660 913 1750 hujus
931 1659 1017 1732 vitae
1033 1656 1243 1735 infirmitate

174 1756 383 1849 languentes
398 1757 576 1834 interdum
593 1780 613 1836 a
630 1758 713 1833 Deo
729 1758 905 1851 petimus,
922 1758 1020 1849 quod
1036 1777 1112 1831 non
1128 1779 1240 1851 expe·

169 1854 230 1930 dit
246 1856 363 1929 nobis.
402 1855 570 1949 Denique
585 1879 655 1955 ego
671 1857 744 1953 ipse
759 1855 908 1949 Paulus,
935 1858 995 1948 qui
1012 1856 1088 1930 hec
1104 1860 1240 1950 loquor

171 1952 216 2025 ad
233 1973 316 2044 voe,
339 1975 419 2030 cum
435 1958 517 2033 mihi
537 1971 686 2051 propter
705 1957 955 2034 sublimitatem
969 1958 1238 2037 revelationum

163 2071 217 2129 tre
241 2056 437 2127 extollerer
463 2056 565 2132 datus
587 2056 705 2135 fuisset
731 2080 751 2132 a
773 2056 938 2132 Domino
956 2058 1086 2151 augelus
1099 2058 1237 2147 merua,

174 2156 232 2249 qui
248 2178 294 2223 suc
313 2156 577 2248 colaphizaret,
603 2174 653 2230 rer
674 2163 849 2228 Dominum
866 2162 990 2251 rogavi,
1016 2174 1053 2226 ur
1077 2159 1241 2245 discederet

170 2280 192 2324 a
210 2277 273 2331 me,
298 2251 459 2330 nesciens
479 2258 563 2350 quid
580 2278 740 2331 orarem:
767 2259 801 2329 u
825 2255 908 2329 ideo
933 2260 1013 2347 quia
1037 2258 1238 2334 nesciebam

164 2349 364 2427 secundum
383 2356 481 2447 quod
497 2371 670 2448 oporteat
688 2378 815 2447 orare,
835 2352 916 2429 ‘non
932 2376 990 2429 me
1008 2356 1145 2429 audivit
1161 2356 1241 2434 Do·

170 2452 286 2524 minus
295 2505 307 2539 ,
337 2452 395 2525 sed
412 2454 501 2526 dixit
517 2459 619 2530 mihi:
646 2456 774 2547 Sufficit
788 2456 851 2528 tili
863 2460 969 2548 gratia
987 2479 1064 2541 ussa,
1075 2463 1237 2549 nominis·
1264 2484 1266 2492 ·

170 2567 225 2622 tus
242 2555 281 2622 iu
298 2556 491 2643 infirmitate
501 2558 676 2652 perficitur.
728 2556 786 2628 sic
803 2575 892 2649 ergo
909 2556 1117 2650 quidforemus
1127 2556 1238 2646 securr-

170 2652 246 2723 dum
259 2655 338 2750 quod
352 2671 470 2747 oportet
484 2659 654 2743 nescimus3
667 2656 731 2744 sed
744 2648 804 2753 ipse
818 2658 964 2749 Spiritus
980 2656 1166 2750 interpellat
1177 2679 1237 2752 prs

170 2752 262 2822 nobis
284 2753 454 2844 gemitibus
476 2757 756 2831 inenarrabilibus.
806 2755 981 2849 Magnum
1005 2754 1126 2829 n'escio
1151 2756 1238 2847 quid

165 2852 297 3021 Pagus
313 2854 349 2924 in
365 2852 553 2946 gemitibus
569 2854 694 2928 sentit:
722 2874 809 2928 ecce
833 2856 926 2930 enirn
947 2853 1019 2948 jam
1039 2856 1150 2928 tertio
1176 2868 1238 2951 g'e·

167 2951 217 3024 mi
261 2953 414 3044 sponit.
450 2951 597 3029 Nam&
612 2972 780 3034 crsasum,
806 2956 941 3047 inquit,
967 2957 1176 3049 congemiscit,
1198 2952 1235 3027 dt

156 3074 224 3118 ¹sros
252 3051 306 3145 ipss
328 3056 494 3142 gemimus,
534 3054 566 3126 &
599 3056 660 3150 ipse
686 3060 833 3148 Spiritus
857 3056 1021 3145 gemitiius
1046 3056 1234 3149 interpellat

162 3152 271 3218 *Deum
287 3172 344 3244 prs
355 3150 490 3239 saumis.
523 3154 672 3226 Addidit
686 3155 768 3227 sane
782 3156 818 3223 in
835 3155 888 3223 his
903 3155 1110 3249 gemitibus,
1139 3174 1231 3245 quos
1288 3218 1289 3221 ,

161 3246 402 3342 perspiritum
417 3245 498 3327 Deo
516 3253 602 3327 dicit
615 3253 861 3341 offerri,quod
877 3253 943 3327 srnt
961 3253 1227 3327 inenarrabiles.
1289 3285 1291 3292 v
1324 3291 1327 3295 ·

163 3346 253 3424 Hoc
270 3364 388 3422 autem
405 3372 523 3443 neque
541 3355 585 3424 de
601 3356 717 3426 totius
735 3367 926 3443 creatores,
952 3373 1070 3441 neque
1095 3351 1139 3423 de
1162 3351 1231 3425 suis

162 3450 354 3542 gemitibus
371 3451 472 3530 diuit.
500 3449 548 3526 Et
562 3453 646 3525 vide
664 3450 884 3544 srpossumus
901 3454 937 3525 in
952 3451 1022 3524 istis
1039 3451 1229 3546 gemitibus

163 3550 314 3622 multum
337 3544 477 3622 fiduciae
503 3550 535 3622 dr
558 3554 733 3625 libertatis
750 3553 786 3625 in
805 3549 997 3643 conspeetu
1018 3551 1084 3623 Dei
1102 3551 1233 3624 intelli·

160 3668 274 3741 gere,
301 3651 397 3739 quod
417 3651 551 3742 oratio,
572 3672 647 3742 quae
668 3671 748 3725 cum
770 3655 900 3724 dolore
921 3641 1106 3746 &gemitu
1121 3648 1232 3724 offer-

171 3762 230 3818 tur
248 3747 352 3839 Deo,
380 3752 531 3839 accipiat
548 3747 711 3822 fiduciam
726 3772 745 3821 a
761 3752 894 3846 Spiritu
910 3750 1028 3823 sanilo
1044 3752 1234 3823 ascenden·

168 3846 203 3918 di
221 3848 271 3918 'ad
288 3847 418 3924 Deum.
445 3848 613 3938 Denique
630 3848 767 3946 Adam,
795 3873 875 3925 cum
893 3849 1090 3942 peccasset,
1117 3850 1233 3941 perdi·

165 3947 219 4024 dit
238 3944 426 4046 fiduciam,
454 3948 696 4124 &abscondth
710 3948 744 4023 se
760 3973 780 4026 a
794 3952 886 4028 satie
902 3949 983 4025 Dei.
1011 3947 1233 4051 Sanslusgau·

721 4074 747 4143 4
1101 4062 1185 4119 tem
1290 4129 1306 4138 -
