2825 4559
144 289 148 298 ’
225 330 303 420 426
393 315 679 424 ouienuts
717 255 1131 408 souueuuuu.
1229 335 1232 352 ·

230 507 355 583 catur,
377 487 401 563 i
419 489 572 587 elegerit
589 490 701 564 mala:
728 468 762 561 d
780 489 827 562 iic
843 492 1089 583 unusquisque
1105 489 1302 588 secundum

126 587 129 600 ¹
230 588 409 684 propositi
436 587 486 662 sui
513 603 636 664 motus
661 606 723 662 aut
745 592 842 664 bona
865 594 987 684 oliva,
1020 591 1044 664 si
1064 592 1134 665 iter
1154 594 1302 668 virtutis

228 691 397 777 incedat;
426 689 525 764 autli
539 690 723 763 contraria
739 688 915 783 sedetur,
935 689 1086 764 oleaster
1101 694 1303 768 nominabi-

230 802 301 865 tur.
329 788 417 862 lnde
435 788 592 884 denique
612 788 843 864 &Dominus
860 791 897 865 in
917 789 1120 886 Evangelio
1136 780 1301 866 dicdum:

163 899 170 916 “
230 895 301 968 Aut
318 889 421 984 facite
437 891 577 961 arborem
595 892 717 975 bunum,
735 888 772 965 U
788 888 923 981 studius
939 895 1008 988 ejus
1025 896 1140 984 bonose
1166 908 1230 972 out
1246 892 1300 983 fo·

229 995 291 1064 cite
306 991 446 1077 arbom
462 991 600 1078 iudam,
624 990 662 1067 Θ
679 987 812 1080 fruliue
836 998 902 1089 ejus
923 993 1038 1064 mdes:
1065 1004 1107 1066 ut
1132 990 1301 1066 ostende·

226 1104 306 1182 ¹ret,
332 1094 501 1164 arborem
517 1091 651 1164 bonam
670 1091 730 1162 vel
748 1091 874 1166 malam
895 1111 972 1164 non
990 1089 1104 1180 nasci,
1130 1088 1193 1164 sed
1212 1089 1300 1171 lieri.
1333 1093 1337 1140 ²

227 1188 306 1285 Jem
334 1210 425 1261 vero
452 1189 476 1264 sl
503 1191 652 1264 accedat
677 1190 809 1281 aliquid
840 1191 885 1264 ad
911 1192 1045 1264 arbitrii
1069 1192 1302 1286 libertatem,
1333 1193 1337 1210 '

229 1290 329 1380 quod
352 1287 575 1363 extrinsecus
590 1293 650 1364 vel
669 1293 713 1362 ad
734 1291 824 1364 mala
843 1305 1050 1385 provocet,
1085 1293 1146 1370 vel
1173 1291 1301 1365 horte·
1333 1309 1335 1350 ἑ

229 1402 291 1464 tur
311 1390 354 1464 ad
374 1390 471 1462 bona
501 1409 567 1482 per
588 1388 792 1465 ineffabiles
820 1392 987 1486 quasdam
1018 1391 1149 1465 divine
1178 1392 1303 1484 provi·

227 1488 361 1578 dentiae
379 1487 682 1580 dispensationes,
709 1492 746 1562 in
763 1494 867 1566 nullo
892 1488 1189 1583 consequentiam
1218 1510 1302 1582 pro·

228 1589 353 1683 pdsitae
368 1587 605 1665 sbsoiurionii
622 1588 790 1682 offendit.
816 1591 938 1668 Habet
953 1592 1048 1664 enim
1065 1592 1101 1664 in
1114 1588 1300 1682 semetipsa

209 1677 355 1763 *natura
378 1690 601 1764 rationabilis
626 1691 811 1785 vigentem
829 1689 864 1764 u
882 1690 926 1763 ad
942 1691 1019 1766 hac
1036 1689 1173 1763 arbitrii
1195 1691 1299 1780 liber,

227 1800 362 1881 tatem,
388 1809 458 1880 qua
481 1790 543 1862 vel
570 1790 740 1874 obedire,
766 1788 920 1882 fivelit,
946 1791 1196 1884 provocanti,
1223 1791 1297 1882 vel,

227 1887 253 1974 ii
272 1889 387 1975 nolit,
411 1886 579 1980 spernere
595 1889 699 1981 poffit
716 1889 952 1984 hortantem·
980 1890 1093 1984 Quod
1111 1901 1237 1963 autem
1253 1888 1299 1962 di-

129 1999 138 2010 '
226 1987 358 2080 ximus,
370 1987 451 2076 quia
469 1988 626 2060 materiae
640 1990 825 2080 corporali
841 1988 1058 2068 aecedentes
1076 1986 1299 2082 extrinsecus

228 2087 419 2178 qualitates
444 2085 601 2160 reddunt
629 2086 764 2180 species
786 2087 965 2179 diversas,
1001 2090 1133 2180 aliquae
1166 2089 1298 2181 quiden

226 2185 272 2268 ad
291 2186 442 2261 multum
461 2200 603 2280 tempus
625 2203 897 2279 permanentes,
930 2189 1064 2280 aliquas
1089 2188 1131 2264 ad
1160 2175 1294 2278 breve,

178 2321 181 2328 ·
227 2286 421 2368 nonnullas
448 2306 544 2360 veno
572 2307 647 2361 non
665 2285 780 2361 solum
800 2290 900 2362 annis
920 2290 1078 2384 exiguis,
1105 2285 1167 2360 sed
1188 2288 1295 2362 inter·
1330 2343 1332 2358 .

227 2385 312 2462 dum
330 2385 438 2460 etiam
454 2381 632 2476 mensibus
654 2397 715 2460 aut
732 2388 860 2462 diebus
883 2392 1006 2482 paucis
1027 2390 1091 2460 vix
1112 2386 1294 2478 durantes,

224 2485 276 2560 ita
291 2484 512 2583 intelligitur.
563 2485 679 2564 Verbi
696 2486 818 2561 causa:
843 2484 988 2581 Species
1009 2487 1114 2578 coeli,
1143 2485 1179 2558 ἃ
1198 2484 1294 2580 solis,

149 2669 152 2678 ,
207 2599 289 2666 'aut
309 2586 423 2675 lune,
450 2589 511 2660 vel
538 2584 711 2662 astrorum
737 2590 867 2661 talibus
894 2588 1104 2678 quibusdam
1129 2585 1293 2662 formate
1329 2657 1331 2676 ,

226 2683 308 2762 suut
333 2686 585 2778 qualitatibus,
611 2707 689 2779 qua
709 2684 820 2777 usque
840 2684 1019 2759 adsecuti
1037 2683 1146 2762 finem
1165 2686 1294 2779 perdu·
1329 2679 1332 2766 i

225 2806 307 2862 rare
328 2784 519 2872 sufficiant,
545 2784 786 2878 &usquequo
805 2788 1004 2860 liberentur
1024 2813 1043 2855 a
1053 2786 1216 2876 servitur·
1235 2810 1294 2856 ‘or-
1330 2789 1332 2796 '

224 2869 654 3062 iituuiuiluu
668 2887 1024 3060 eitiunt·
1037 2883 1170 3058 tiu
1183 2885 1334 3062 uu

223 3090 337 3168 multa
350 3083 568 3160 differentia.
591 3006 865 3161 Nobnuuorbm
881 3073 976 3162 enim
991 3008 1195 3159 {simensis
1213 3104 1296 3158 cor·
1330 3135 1334 3234 ἡ

201 3208 339 3284 pora,
374 3185 436 3258 vel
461 3185 656 3275 arborum,
672 3188 751 3258 .vel
778 3186 922 3281 avium,
955 3186 1075 3260 multia
1101 3183 1296 3258 admodum
1330 3239 1333 3286 ‚

222 3288 371 3396 poliunt
388 3286 515 3358 durare
529 3284 778 3377 temporibus:
805 3283 957 3358 aliorum
977 3303 1067 3356 vero
1084 3286 1223 3377 paucis,
1236 3298 1297 3357 aut

222 3388 332 3484 ualde
350 3387 499 3482 exiguis.
550 3384 663 3478 Quod
682 3382 705 3456 si
725 3385 802 3458 haec
819 3386 913 3458 bene
931 3380 1155 3469 intellexisti,
1182 3397 1297 3458 trana-
1328 3367 1336 3512 i

225 3508 346 3564 eamus
370 3504 468 3559 nunc
497 3483 540 3556 ab
561 3485 733 3573 exemplis
755 3503 944 3578 corporeae
964 3483 1143 3575 qualitatis
1169 3481 1213 3555 ad
1232 3504 1294 3555 na·

188 3607 189 3611 ‘
222 3571 313 3668 'turae
327 3585 549 3662 rationabilis
567 3584 795 3674 qualitatem:
823 3584 982 3669 divide,
1009 3582 1198 3673 quomodo
1218 3584 1294 3658 aliae

216 3690 368 3781 ,quidem
388 3686 423 3758 in
442 3683 670 3777 qualitatibus
690 3684 926 3758 beatitudinis
943 3681 1068 3756 secula
1084 3682 1196 3755 multa
1213 3701 1293 3774 per·

224 3789 374 3864 durant:
402 3784 532 3859 &aiiae
552 3784 590 3854 in
615 3784 786 3874 qualitate
810 3785 952 3859 malitie
977 3781 1209 3855 nihilominus
1235 3779 1293 3855 se·

97 3933 102 3942 ’
224 3875 305 3963 cu'la
327 3887 438 3959 multa
460 3882 698 3970 consumunt:
727 3885 801 3957 aliae
818 3904 865 3956 ex
883 3881 963 3976 ipsis
983 3900 1102 3975 parvo
1123 3894 1291 3976 tempore

100 4051 105 4056 .
223 3987 285 4069 vel
304 3987 342 4067 iu
361 3987 577 4082 virtutibus,
605 3984 668 4059 vel
688 3986 726 4058 iu
751 3982 894 4066 nalitus
915 4001 1089 4072 maurum
1116 3984 1192 4058 aliae
1211 3999 1293 4096 per·

455 4143 459 4147 -
911 4097 913 4104 ’
1167 4100 1246 4159 ext·
