2825 4559
270 295 1028 416 lrtltrtsT.en‚1t0b1nN.L113.
1055 315 1105 393 V.
1157 337 1230 411 erp

163 482 199 555 dr
217 499 316 555 nunc
334 473 522 576 perunum
539 479 672 552 aditum
686 476 856 572 ingressus
874 498 938 569 per
955 480 1062 550 alium·
1079 477 1229 572 digredi,

163 601 264 655 nunc
279 603 324 655 ex
339 582 410 652 aiio
428 577 598 676 ingressus
617 579 663 649 ed
678 579 770 649 aliud
793 580 972 650 conclave
994 599 1248 673 concurrere,=

162 683 214 754 ita
231 695 272 752 ut
286 679 311 754 st
325 681 482 772 requiras
501 677 661 753 cornilio
678 678 777 748 aditu
795 696 868 768 quo
885 676 1054 771 ingressus
1071 678 1134 766 est,
1151 701 1228 756 non

162 783 328 854 invenias
346 777 529 876 egressum.
565 777 653 850 Haec
666 797 755 872 ergo
770 783 867 867 prius
883 775 927 849 de
944 780 1019 869 hie,
1047 800 1124 869 quae
1138 778 1230 852 sau·

161 884 218 953 lus
237 878 379 968 scribit,
399 884 442 950 in
462 893 585 950 mente
601 874 722 950 nostra
739 892 846 968 atque
864 878 987 948 animis
1005 885 1230 971 ordinantes,

163 1000 262 1053 nunc
277 980 348 1070 jam
366 978 408 1051 ad
423 977 639 1072 inspicienda
655 979 687 1048 dt
705 977 911 1049 contuenda
928 997 987 1058 ea,
1014 999 1090 1069 quae
1106 980 1141 1051 in
1159 1000 1230 1051 rna·

164 1082 271 1153 nibur
286 1079 486 1169 habentur,
513 1097 581 1171 pro
596 1078 734 1149 viribus
751 1090 1020 1152 convertemur.
1051 1074 1096 1150 Et
1111 1082 1229 1170 primo

164 1170 373 1258 uideamur,
398 1178 587 1269 quomodo
601 1197 657 1275 per
670 1183 771 1246 unum
783 1179 938 1246 honinem
951 1198 1108 1274 peccatum
1127 1185 1233 1252 inira.
1291 1217 1296 1228 -

167 1283 234 1348 r'vr't
253 1286 290 1347 t'n
309 1280 396 1348 hunc
414 1281 581 1364 mundum,
608 1285 647 1355 U
668 1300 722 1372 ptr
742 1295 897 1371 peccatum
921 1302 1012 1352 mort.
1064 1276 1230 1354 Fortassis

166 1380 263 1452 enirn
285 1378 442 1468 requirat
466 1379 609 1471 aliquia,
635 1376 659 1450 ii
678 1392 762 1451 ante
779 1376 894 1451 Adam
911 1380 1234 1471 mulierpeccavit,
1301 1469 1303 1473 Ι

165 1477 213 1551 de
234 1496 303 1569 qua
325 1478 476 1569 dicitur,
503 1479 585 1567 quia
601 1476 722 1562 seduth
740 1487 775 1545 in
790 1485 1049 1573 prevaricatione
1060 1479 1152 1569 fatie
1164 1479 1233 1571 elif

167 1572 345 1652 &sursum
360 1590 442 1649 ante
454 1576 560 1669 ipsam
577 1581 747 1667 peccavit
760 1577 913 1669 serpena.
943 1577 1111 1650 Peccavit
1122 1579 1232 1671 enin,

170 1695 252 1750 cum
268 1677 361 1754 dixit
375 1676 534 1749 mulieri:
568 1681 614 1747 Ut
626 1682 701 1774 quid
718 1680 773 1747 stoc
789 1680 876 1746 dixit
898 1683 1041 1770 Dennut
1058 1703 1121 1747 rto-n
1140 1703 1233 1758 man·

172 1779 287 1846 ducetis
302 1778 338 1845 de
355 1779 443 1845 omni
458 1776 545 1868 ligno
565 1774 723 1869 Parodifi?
750 1774 795 1847 Et
815 1779 944 1850 iterum
961 1779 1141 1869 peccavit,
1152 1797 1234 1852 cum

101 1923 103 1930 ‹
171 1876 271 1949 Deus
291 1875 445 1964 dixerit,
472 1879 552 1965 quia
571 1902 762 1973 quecumque
781 1880 831 1946 die
847 1881 1116 1962 mnrdr'ueverrtis
1134 1906 1172 1948 ex
1190 1899 1236 1965 to,

169 1981 475 2062 mortemorirmt'ni,
502 1976 611 2049 &iiie
627 1977 757 2050 dixerit
775 1979 818 2050 ad
833 1980 1038 2051 mulierem:
1067 1984 1145 2052 Non
1155 2003 1235 2048 mor·

169 2092 201 2146 te
218 2081 420 2159 nictimine}
441 2075 495 2162 sed
509 2076 624 2162 sciebat
646 2082 753 2163 Deus,
780 2085 852 2175 quia
878 2103 1065 2173 quacumpue
1078 2086 1128 2149 die
1145 2103 1237 2154 mort·

148 2172 153 2180 “
169 2179 362 2247 duraveritis
377 2201 416 2245 ex
432 2201 481 2261 eo,
506 2179 689 2270 operientur
707 2171 786 2247 oculi
803 2179 917 2274 vestri,
938 2183 975 2252 θ
990 2185 1079 2248 eritis
1094 2181 1171 2267 fitur
1189 2181 1238 2247 dii

166 2278 295 2367 [demes
313 2276 423 2347 ionum
441 2276 478 2350 6
495 2279 622 2350 maium.
680 2277 715 2349 Si
742 2298 830 2371 ergo
859 2292 942 2350 ante
970 2278 1082 2353 Adanr
1108 2281 1236 2354 mulier

140 2407 146 2414 ’
168 2378 359 2471 peccavit,
386 2375 421 2447 tr
443 2388 527 2448 ante
550 2377 732 2449 mulierem
755 2377 921 2470 serpens,
949 2379 1038 2452 &in
1056 2381 1125 2453 aiio
1147 2383 1235 2453 loco

171 2477 258 2549 dicit
274 2472 496 2567 Apostolti8‚
523 2479 603 2564 quia
623 2479 723 2547 Adam
741 2504 765 2547 n
783 2504 805 2545 n
820 2479 858 2569 ιβ
870 2476 1034 2565 sedulius,
1052 2483 1164 2552 mulier
1178 2502 1242 2549 atr·

172 2593 234 2645 rem
254 2575 374 2655 sedada
392 2574 450 2669 esi,
478 2577 666 2664 quomodo
686 2587 750 2669 pet
768 2597 877 2649 unum
894 2579 1089 2659 bominem,
1112 2583 1238 2653 &non

171 2676 281 2768 magis
305 2693 369 2770 per
393 2693 498 2769 unam
524 2676 706 2747 rnttlierenr
731 2677 912 2748 videbitur
933 2678 1093 2751 introisse
1114 2697 1241 2774 pecct-

170 2771 275 2847 tum?
327 2775 360 2843 A
378 2776 527 2846 tnuiiere
544 2777 640 2846 enirn
656 2777 795 2847 initium
819 2779 979 2867 peccati,
1008 2780 1040 2848 dt
1064 2798 1147 2852 ante
1165 2796 1242 2850 nru-

172 2875 296 2947 lierern
315 2893 333 2944 a
349 2870 534 2965 serpente,
562 2872 636 2948 srve
652 2896 671 2945 a
688 2874 870 2967 Diabolo,
897 2876 942 2947 de
960 2896 1034 2968 quo
1053 2880 1183 2952 dicitur
1201 2877 1240 2950 in

172 2972 401 3067 Evangelio,
424 2974 506 3061 quia
527 2974 582 3043 iiie
599 2976 752 3046 homicida
766 2976 890 3046 erat-cb
907 2981 1015 3052 initio,
1068 2979 1137 3053 Sed
1155 2978 1241 3053 vide

172 3076 211 3145 in
227 3074 280 3143 iris
299 3069 512 3163 npostoiun
537 3087 672 3145 nature
692 3077 854 3148 ordinem
880 3076 1052 3167 tenuisse,
1080 3080 1113 3152 dr
1140 3082 1241 3172 ideo,

174 3173 344 3263 quoniam
364 3170 409 3242 de
423 3188 576 3263 peccato
595 3175 825 3266 loquebatur,
844 3197 888 3247 ex
907 3197 980 3267 quo
998 3200 1094 3251 mors
1113 3182 1149 3253 in
1166 3204 1244 3257 om·

172 3291 238 3344 nes
261 3271 425 3345 homines
449 3273 718 3364 pertransierat,
751 3273 1003 3353 succeffionern
1026 3280 1246 3372 posteritatis

175 3371 360 3460 humane,
387 3389 464 3458 quae
491 3370 576 3447 huic
601 3374 711 3445 morti
736 3370 923 3447 succubuit
945 3398 990 3448 ex
1007 3375 1162 3472 p'ec'cato
1180 3407 1244 3459 ve·

175 3471 313 3559 nienti,
339 3488 415 3541 non
436 3471 574 3543 mulieri
598 3473 783 3561 adscribit,
810 3474 868 3546 scd
891 3469 1003 3549 viros
1037 3478 1126 3554 Non
1148 3486 1243 3561 enim
1269 3501 1280 3521 “

177 3591 224 3643 ex
241 3569 391 3643 muliere
408 3567 680 3662 penetranter
698 3594 743 3645 ex
759 3578 840 3645 viro
856 3582 1080 3674 nominatur,
1107 3582 1248 3675 scuti-dt
1299 3625 1302 3638 ·

178 3666 254 3761 ipse
269 3666 467 3759 Apostolus
484 3669 520 3740 in
536 3671 611 3744 aliis
629 3672 735 3745 dicit:
761 3678 837 3745 Non
855 3684 939 3745 enim
952 3679 991 3775 ιβ
1008 3686 1064 3750 vir
1081 3707 1120 3751 ex
1137 3689 1247 3756 mesie-

184 3792 237 3854 γε,
258 3768 310 3856 sed
326 3769 442 3837 mulier
457 3791 495 3838 tx
510 3776 604 3854 viret
631 3772 664 3845 dt
684 3773 833 3847 iterum-2
864 3773 956 3849 Sicut
975 3786 1060 3847 enim
1077 3784 1192 3855 mulier
1208 3811 1248 3858 ex
1300 3803 1321 3882 J

182 3874 274 3954 viro,
301 3873 349 3938 ita
364 3864 403 3941 (Ἰ
416 3874 473 3937 vir
489 3889 565 3942 non
584 3874 820 3964 extundere,
846 3872 903 3947 sed
922 3897 977 3968 per
998 3884 1177 3952 mulierem:
1211 3884 1247 3962 δε

182 3970 232 4047 ob
249 3969 323 4051 boc
336 3969 700 4069 mortaliaposteritas
715 3972 748 4043 dt
764 3978 963 4068 corporalis
978 3976 1145 4056 successio
1164 3985 1247 4063 viro

683 4070 768 4172 05
1140 4103 1215 4179 bb?
1316 4123 1321 4146 ³
