2825 4559
252 305 317 385 ru
337 299 514 382 trrsr.
541 299 620 378 un
645 233 879 378 nomeu.
905 289 1098 380 tresue.
1149 325 1223 400 uu

137 459 381 569 permelioris
399 465 482 539 Dei.
518 463 605 538 ·8ed
626 461 659 535 dt
682 462 742 534 illi·
755 463 835 557 plur
857 451 1062 539 de'Ciaristo
1080 463 1220 561 sapiunt

130 593 258 666 ‘quam
276 582 430 663 oportet
450 566 591 658 sapere,
618 562 678 653 qui
702 576 836 659 negant
859 571 939 637 eu'm
965 565 1002 638 in
1025 586 1133 639 carne
1154 587 1222 640 ve·

152 670 300 761 nisse,&
316 683 439 743 netum
457 663 526 738 esse
541 684 586 738 ex
601 663 774 756 Virgine,
801 662 860 758 sed
878 664 1019 739 coeleste
1034 670 1066 740 ei
1082 685 1219 759 corpus

153 773 332 868 assignant.
384 767 427 842 ln
452 766 507 839 his
527 781 616 859 ergo
640 764 807 836 omnibus
826 762 953 836 Paulus
972 785 1040 838 nos
1057 767 1137 838 vult
1155 788 1221 836 nm
1315 833 1317 841 ,

149 875 222 972 psus
244 872 350 966 [opere
371 891 463 962 quam
481 881 601 961 oportet
617 864 741 958 sapere,
765 861 815 952 [ed
827 864 933 960 sapere
950 869 988 934 ori
999 868 1220 952 soi-rietatem:
1260 851 1265 876 ““

152 972 254 1066 quod
279 976 316 1042 in
341 965 470 1040 Graeco
494 967 625 1038 dicitur
648 983 865 1062 cooperuit,
892 968 929 1037 in
950 965 1078 1038 nostris
1098 981 1221 1040 autem
1332 1041 1334 1050 ,

149 1073 361 1161 codicibus,
387 1063 545 1156 hocest,
571 1065 609 1136 in
631 1062 823 1155 scripturis
847 1067 977 1139 divinis
1001 1064 1173 1138 sobrietas
1195 1086 1218 1140 a

150 1173 348 1263 majoribus
365 1169 638 1260 interpretatum
658 1162 726 1236 est:
761 1165 807 1237 ab¹
829 1166 904 1237 iiiia
928 1178 1048 1242 tamen
1073 1167 1221 1240 eruditis

150 1273 242 1346 viris
260 1267 496 1362 temperantia
515 1266 686 1356 ponitur:
714 1284 792 1355 quae
819 1268 1052 1359 temperantia
1077 1287 1147 1338 una
1173 1286 1221 1340 err

150 1387 306 1465 quatuor
321 1367 545 1464 generalibus
560 1364 756 1437 virtutibus
773 1364 936 1439 habetur.
964 1363 1010 1437 Et
1024 1371 1060 1438 in
1077 1368 1149 1441 hoc
1166 1387 1221 1439 er·

151 1493 201 1570 go
218 1474 308 1543 loco
322 1467 447 1540 melius
467 1462 634 1564 Apostoli
650 1464 740 1535 ditia
757 1463 942 1553 lucerent,
969 1464 1220 1542 fihaberemue

154 1566 461 1662 &perscriptum
479 1562 670 1660 se'c'undum
690 1559 808 1637 Graeci
830 1564 1001 1639 sermonis
1024 1571 1221 1651 virtutem,

152 1669 329 1764 sed'fiapere
355 1670 394 1738 ad
414 1669 678 1759 temperantiam:
704 1663 778 1735 hoc
804 1664 878 1756 est,
905 1679 946 1737 ut
971 1668 1007 1738 in
1035 1669 1219 1761 omnibus,

141 1771 217 1844 'vel
241 1790 319 1861 quae
341 1767 495 1863 agimur,
522 1764 583 1836 vel
605 1781 682 1854 quae
704 1765 905 1856 loquimur,
933 1767 992 1837 vei
1015 1788 1093 1858 quae
1115 1767 1219 1841 senti·

151 1889 254 1960 mus,
280 1867 552 1958 temperantiam
570 1875 767 1935 teneamur.
801 1865 843 1937 ln
861 1867 913 1938 hie
929 1869 1042 1949 enim,
1069 1888 1147 1959 quae
1168 1868 1223 1939 su.
1326 1859 1329 1870 '

150 1990 216 2068 pra
235 1967 528 2060 enumeravimus⁴
545 1982 663 2054 neque
690 1963 839 2057 ampliur'
861 1986 980 2058 neque
1003 1968 1119 2042 minus
1140 1965 1220 2041 fieri

154 2072 311 2160 debere,
327 2065 473 2140 modum
490 2062 633 2136 servare
648 2065 759 2137 novit
774 2063 845 2138 sola
863 2068 1109 2157 temperantia.
1138 2065 1223 2156 Post

154 2169 233 2245 herc
258 2169 329 2241 cit:
374 2161 552 2261 Unicuique
573 2166 650 2256 ficut
675 2166 786 2254 divifii
818 2171 902 2237 Deus
927 2170 1102 2253 mensuram
1126 2171 1223 2258 fidei:

131 2271 228 2345 ‘'hoc
245 2268 315 2358 est,
343 2281 383 2339 ut
400 2265 485 2337 sciet
498 2265 746 2355 unusquisque
761 2264 793 2337 tr
809 2267 1005 2360 inteiiigat‚
1025 2288 1102 2359 quae
1120 2270 1156 2340 in
1174 2289 1222 2341 eo
1265 2267 1283 2316 “·

133 2403 137 2408 ·
155 2371 198 2444 srt
212 2365 373 2440 mensura
396 2369 515 2458 gratiae
532 2365 624 2452 Dei,
651 2383 755 2453 quam
771 2364 940 2457 consequi
958 2370 1088 2441 meruit
1105 2390 1169 2458 per
1184 2366 1226 2441 fi·

154 2469 248 2542 dem.
282 2466 466 2538 Interdum
484 2466 577 2536 enim
593 2465 724 2556 accipit
742 2466 819 2555 quis
836 2486 854 2537 a
872 2467 977 2557 Deo,
1005 2483 1044 2538 ut
1060 2464 1170 2563 sapiat
1184 2470 1224 2543 in

154 2586 270 2663 opere
286 2564 491 2653 charitatis,
520 2577 580 2632 aut
596 2575 636 2632 ut
650 2561 760 2654 sapiat
778 2564 814 2637 in
830 2564 953 2639 officio
970 2568 1149 2656 visitandi,
1161 2582 1225 2643 aut

154 2687 241 2765 erga
264 2663 523 2742 misericordiae
547 2681 767 2755 pauperum,
791 2679 853 2738 eut
868 2668 963 2739 circa
976 2668 1145 2741 debilium
1163 2689 1225 2741 cu·

154 2787 263 2853 ram,·
282 2782 344 2837 aut
366 2769 450 2858 erga
472 2763 659 2834 viduarum
680 2762 945 2858 &pupillorum
962 2767 1223 2862 defensionem,

135 2884 218 2942 ¹rut
235 2887 317 2961 erga
335 2863 585 2956 hospitalitatis
603 2860 890 2941 sollicitudinem.
942 2867 1030 2942 Haec
1051 2886 1138 2964 ergo
1157 2870 1223 2943 sin·
1318 2925 1320 2930 .

136 2964 235 3065 'guia
252 2966 369 3040 divisit
383 2967 576 3053 um‘cuique
587 2960 688 3034 Deus
707 2961 897 3041 secundum
913 2969 1109 3042 mensuram
1127 2965 1225 3046 fidei.

155 3068 224 3142 Sed
238 3067 262 3140 fi
276 3068 327 3159 is,
354 3066 414 3156 qui
439 3063 580 3156 accepit
605 3063 777 3157 gratiam,
804 3083 845 3137 ut
862 3070 907 3141 de
925 3088 1001 3143 uno
1018 3069 1138 3161 aliquo
1155 3069 1224 3143 ho·

155 3187 233 3242 rum
253 3165 408 3261 saperet,
435 3185 512 3237 non
533 3163 710 3260 intelliget
729 3161 924 3239 mensuram
945 3170 1066 3265 gratiae
1086 3169 1147 3243 sibi
1165 3171 1225 3242 da·

156 3281 221 3361 te,
248 3266 307 3341 sed
334 3266 424 3338 uelit
449 3263 569 3356 sapere
594 3261 640 3334 de
659 3263 934 3357 septenorum,
960 3269 1006 3343 de
1022 3271 1140 3343 verbo
1159 3271 1224 3342 do·

154 3366 295 3458 ctrinae,
322 3368 367 3439 de
383 3362 630 3458 profundioria
645 3358 801 3438 scientie
815 3369 977 3462 ratione,
1002 3367 1038 3441 in
1057 3387 1130 3461 quo
1147 3385 1225 3464 gra·
1296 3427 1304 3442 ,
1335 3385 1338 3390 ·

154 3469 243 3543 tiam
268 3488 343 3541 non
367 3467 532 3556 accepit3
565 3460 697 3536 &non
723 3479 795 3538 tam
819 3462 953 3540 discere
977 3469 1090 3559 uelit,
1115 3485 1226 3560 ‘quam

156 3569 292 3642 docere
315 3586 392 3657 quae
412 3563 548 3651 nescit3
575 3558 639 3634 isse
661 3583 741 3637 cum
757 3566 874 3639 minus
891 3566 1021 3659 sapiat,
1049 3569 1128 3662 pius
1142 3568 1226 3642 vult

153 3665 277 3762 sapere
297 3685 401 3758 quam
421 3676 582 3757 oportet.
633 3658 838 3740 Non-enim
856 3664 943 3762 sapit
961 3668 1003 3739 ad
1023 3681 1226 3761 temperan-

154 3769 263 3860 tiam,
289 3780 331 3839 ut
345 3762 522 3837 custodiat
538 3767 713 3859 unicuique
720 3764 801 3858 ficut
815 3768 923 3862 dimisti
940 3771 1029 3839 Deus
1047 3771 1225 3853 mensuram

144 3871 239 3964 fidei.
290 3866 429 3939 Verum
454 3873 495 3936 ut
519 3863 727 3937 evidentius
745 3864 861 3938 adhuc
887 3866 932 3941 de
948 3867 1003 3941 his
1019 3865 1223 3961 Apostolus

147 3967 370 4065 defignaret,
395 3962 595 4043 introducit
609 3965 833 4063 exemplum,
850 3965 884 4041 dr
899 3966 1005 4044 dicit:
1032 3973 1223 4044 sicutenim

1141 4089 1186 4134 m
