2825 4559
165 393 170 413 ,
247 321 311 400 ru
335 323 511 400 urrsr.
539 322 615 428 au
641 289 1099 403 ROMAN.L13.111.
1153 348 1218 406 ω
1310 433 1312 437 ¹

163 487 229 581 plo
248 483 298 586 eli¹
315 486 445 577 primus
460 487 573 560 homo
590 484 728 565 Adam,
754 486 811 577 qui
831 484 875 559 de
888 486 1033 579 paradisi
1052 488 1109 560 via
1127 487 1222 564 rudia

163 581 351 662 malesuadi
366 585 490 658 fraude
503 585 673 678 serpentia
690 586 733 658 ad
750 605 877 675 pravas
888 585 1109 660 &tortuosas
1125 581 1219 660 mor'-

162 686 244 756 talis
267 686 351 755 vitm
369 686 505 756 semitas
524 684 726 758 declinavit.
755 680 1025 775 consequenter
1041 706 1130 780 ergo
1146 708 1224 761 om·

163 804 250 865 nes,
285 784 344 872 qui
365 804 412 854 ex
432 783 535 873 ipssuc
561 781 775 858 suceeffione
800 784 837 855 iu
859 785 955 858 hunc
973 786 1140 859 mundum
1161 808 1225 858 ve·

165 884 289 967 uiuat,
316 881 611 982 declinaverunt,
638 883 671 956 de
686 881 785 957 srmul
799 882 968 974 cumipse
983 884 1125 958 inutiles
1141 884 1226 961 fasti

165 979 257 1055 sunt.
309 978 461 1075 Propter
487 981 561 1054 hoc
581 997 674 1076 puto
699 979 732 1054 dr
752 979 946 1058 Dominum
965 985 1001 1055 ln
1019 980 1224 1076 Evangeliia

167 1080 253 1158 dare
269 1080 493 1161 mandatum,
519 1096 573 1172 ut,
594 1102 674 1154 cum
689 1084 808 1154 omnia
824 1097 1004 1174 precepta
1018 1081 1223 1175 fecerimus,

169 1181 431 1256 meminerimus
455 1191 595 1271 tamen,
621 1179 704 1276 quid
724 1181 848 1273 fimus,
874 1177 1102 1255 adicimus:
1127 1185 1225 1254 Serui

168 1280 304 1347 inutiles
328 1280 454 1363 sumus:
480 1285 557 1375 quod
575 1280 733 1351 debuimus
745 1278 871 1371 farne,
891 1279 1038 1373 fecimus.
1090 1280 1223 1354 Donec

168 1377 264 1450 euim
283 1378 359 1466 quis
375 1377 449 1451 hoc
465 1377 550 1452 facit
565 1392 722 1468 tantum,
749 1379 996 1473 quoddebet,
1022 1378 1142 1470 idest,
1169 1402 1226 1472 ea,

169 1496 248 1567 quae
262 1490 442 1570 precepta
458 1475 557 1578 sunt,
583 1479 717 1556 inutilis
733 1475 856 1554 servus
870 1476 932 1557 ost.
983 1477 1151 1554 stantem
1168 1480 1226 1552 ad·

169 1576 231 1647 ‹lae
252 1576 385 1665 aliquid
404 1578 611 1668 preceptis,
644 1592 731 1650 tuuc
752 1599 828 1654 non
848 1579 919 1671 J'am
945 1579 1079 1654 inutilis
1103 1577 1227 1652 servus

169 1674 262 1766 eris,
289 1672 348 1748 scd
363 1672 502 1746 dicetur
515 1676 557 1746 ad
574 1690 633 1749 te:
662 1678 745 1771 Euge
754 1677 847 1766 seruc
861 1677 937 1750 ὂοηι
951 1676 989 1754 ir
997 1678 1114 1767 fidelis.
1127 1679 1226 1773 Quid

171 1771 366 1860 attremit,
391 1774 489 1864 quod
509 1775 655 1848 addetur
670 1778 879 1870 preceptio,
903 1775 1051 1871 &supra
1066 1777 1227 1851 debitum

170 1869 259 1964 fiat,
284 1869 411 1944 Paulus
429 1870 626 1964 Apostolus
641 1874 746 1950 dicit:
773 1881 824 1948 De
838 1878 1020 1970 uirginibus
1036 1895 1140 1948 aurem
1150 1896 1231 1972 pra·

172 1988 294 2066 ceptum
313 1975 446 2045 nomint
463 1996 528 2042 non
546 1975 661 2050 husto:
690 1978 845 2070 confilium
868 1992 972 2047 actm
993 1981 1052 2065 do,
1079 1993 1233 2073 tauquam
1337 1975 1340 1979 ’

169 2071 411 2160 misericordiam
425 2075 602 2158 consecutus
619 2101 639 2144 a
654 2071 804 2151 Domino.
830 2075 915 2149 Hoc
926 2096 1018 2168 opus
1036 2073 1137 2167 super
1147 2097 1235 2167 prae·

174 2183 320 2263 ceptum
340 2166 401 2248 est.
452 2173 525 2269 Qui
542 2192 628 2269 ergo
646 2175 834 2268 completis
856 2177 1043 2268 preceptis
1061 2175 1235 2249 addiderit

176 2269 284 2344 etiam
302 2270 397 2362 hoc,
411 2282 452 2341 ut
468 2271 709 2365 virginitatem
724 2273 923 2365 custodiat,
948 2294 1024 2369 non
1037 2275 1107 2363 J‘am
1125 2275 1235 2360 inuti·

175 2368 220 2440 lis
236 2367 377 2458 servus,
403 2366 461 2446 sed
482 2368 609 2445 servus·
623 2373 740 2446 bonus
758 2371 791 2445 dr
808 2370 920 2446 fidelia
941 2375 1143 2448 vocabitur.
1185 2369 1235 2446 Et

175 2469 306 2544 iterum
325 2482 542 2560 pracceptum
560 2468 631 2560 est,
656 2482 698 2542 ut
715 2471 763 2552 hi,
775 2472 833 2562 qul
849 2469 1082 2566 Evangelium
1100 2492 1237 2545 annun·

177 2569 292 2653 ciant,
319 2567 363 2638 de
379 2566 581 2662 Evangelio
599 2571 738 2643 vivant.
753 2569 892 2657 ¹Paulus
910 2585 1027 2651 tamen
1043 2571 1144 2657 dicit,
1154 2572 1237 2659 quia

176 2667 267 2737 nullo
282 2668 394 2736 horum
411 2663 483 2759 usus
495 2666 585 2758 [κως
610 2667 643 2738 dr
661 2669 837 2740 ideonum
855 2668 989 2740 inutilis
1007 2683 1083 2740 erat
1101 2667 1238 2761 servus,

176 2763 238 2841 sed
258 2762 372 2846 fidelis
391 2764 425 2837 ἀ
443 2769 611 2857 prudens.
643 2771 755 2837 omnes
774 2785 860 2860 ergo
876 2768 1127 2858 declinaverunt,
1141 2769 1238 2862 fimet

177 2865 312 2938 inutiles
321 2863 411 2957 fassi
424 2866 516 2952 suut.
567 2865 710 2962 Quibus
735 2865 869 2940 addidit
880 2889 902 2938 :-
915 2870 996 2940 Non
1014 2867 1053 2963 ιβ
1067 2874 1123 2963 qui
1131 2867 1240 2960 faciat

176 2965 368 3051 lenitatem,
393 2989 459 3035 nort
473 2965 513 3062 tfl
527 2967 674 3062 ujqutud
687 2990 797 3041 unum.
834 2963 965 3040 Grauis
983 2964 1177 3066 sententia,
1205 2966 1240 3042 di
1320 3015 1324 3026 ι

179 3084 260 3155 quae
278 3061 564 3158 difficiluladllrui
579 3063 699 3156 possit.
750 3066 950 3159 Quomodo
978 3069 1071 3140 enim
1096 3067 1239 3142 videtur

179 3160 261 3241 fieri
279 3161 400 3255 polle,
426 3166 559 3236 nullum
575 3165 750 3255 omnino,
776 3165 910 3237 nullum
928 3163 1096 3255 usquead
1114 3184 1241 3255 unum,

180 3263 246 3334 vel
263 3262 298 3333 in
315 3262 444 3356 Judals
465 3263 525 3335 vel
542 3263 579 3334 in
600 3260 734 3335 Gtaecis
751 3264 904 3335 inveniri
922 3262 1096 3356 potuill‘e,
1114 3264 1171 3353 qui
1190 3259 1242 3334 sa·

182 3373 284 3433 ceret
297 3359 524 3435 bonitatem?
550 3361 691 3434 Siccine
709 3361 897 3454 credimus,
919 3361 1017 3452 quod
1031 3364 1149 3436 nullus
1167 3361 1243 3435 sue·

181 3461 250 3549 rit,
276 3461 336 3550 qui
355 3462 415 3532 vel
432 3459 607 3552 hospitem
623 3460 821 3551 aliquando
846 3463 1048 3553 receperit,
1084 3463 1146 3534 vel
1169 3458 1244 3534 esu·

182 3561 291 3633 rienti
310 3579 436 3652 panem
452 3559 601 3652 dederit,
611 3562 671 3631 vel
686 3558 818 3632 nudum
836 3562 980 3650 texerit,
996 3562 1056 3634 vel
1072 3561 1245 3634 innocen·

182 3673 261 3731 tem
286 3658 331 3733 de
356 3660 516 3731 manibus
541 3660 700 3749 putentis
727 3661 919 3755 eripuerit,
944 3661 1006 3733 ves
1027 3660 1098 3731 tale
1113 3659 1245 3749 aliquid

183 3760 275 3832 boni
293 3759 411 3851 operis
426 3756 566 3854 egerit?
592 3758 682 3831 Non
700 3757 785 3831 mihi
808 3756 951 3839 videtur
969 3772 1040 3832 tam
1057 3758 1246 3832 incredibi-

186 3859 259 3934 lem
274 3856 471 3930 sermonem
489 3856 639 3937 voluisse
655 3854 801 3929 asserere
811 3855 1160 3955 Paulurdpollolua:
1185 3854 1247 3938 sed

177 3957 263 4040 -uoc
277 3956 388 4035 modo
406 3958 674 4054 intelligendum
685 3969 790 4052 puto,
800 3959 896 4048 quod
912 3970 1022 4060 neget
1038 3973 1248 4054 quemquam

680 4054 769 4155 Hs
1155 4055 1213 4138 ie·
1314 4135 1315 4140 t
