2825 4559
176 300 299 390 ,322
386 257 1122 384 „ouruur'vlsconnununn
1212 271 1221 322 r

211 437 331 522 ..diod
354 436 452 530 quod
465 434 633 528 scripturn
650 434 718 511 est:
746 441 823 512 Non
838 437 1032 536 permanebit
1051 442 1198 535 Spiritus
1213 465 1298 513 meur

131 611 143 638 s
215 537 273 626 'io
291 539 472 609 hominibus
494 537 579 633 ipsis,
604 543 874 634 puiocarosunr:
901 563 943 614 an
970 540 1054 612 vitae
1081 541 1235 632 merite,
1264 541 1297 615 ἃ

232 639 317 718 fidei
341 639 450 733 gratia
468 635 696 729 postmodum
715 639 837 728 datur,
864 636 1055 714 secundum
1073 660 1133 731 ea,
1162 662 1239 731 quae
1260 643 1298 713 in

141 763 144 772 ’
232 733 383 818 Actibus
402 735 662 830 Apostolorum
681 738 874 827 docentur,
895 744 976 831 quia
996 737 1146 832 Spiritus
1162 737 1299 814 fannus

220 833 402 932 sstauquarn
416 837 544 932 linguat
564 837 677 932 ignea
698 842 797 918 venit
814 839 916 931 super
932 858 1220 930 unumquemque
1238 859 1301 913 eo·

86 991 89 998 .
225 959 333 1028 sum:
361 927 421 1008 vil
438 951 537 1008 certe
552 936 641 1010 sicut
657 939 691 1010 in
713 935 911 1036 Evangelio
930 941 1116 1032 docemur,
1129 958 1210 1011 cunr
1225 939 1299 1030 ipse

233 1038 424 1125 Salvator,
451 1034 680 1130 posteaquam
698 1035 891 1112 resurrexit
908 1061 926 1110 a
942 1041 1114 1130 mortuis,
1142 1038 1184 1111 ad
1201 1037 1299 1111 disci·

235 1141 343 1234 pulos
372 1137 479 1208 dixit:
510 1138 650 1231 Accipite
675 1141 835 1233 Spiritum
857 1138 1020 1226 sensium:
1046 1137 1085 1214 (ὅ
1110 1134 1301 1226 insufflavit

223 1245 274 1336 :¹¹⁹²
293 1260 470 1332 unoquoque
488 1259 603 1310 torum.
638 1235 747 1310 Unde
765 1237 850 1312 mihi
865 1238 1030 1321 videtur,
1054 1237 1155 1330 ,quod
1173 1236 1207 1310 ἃ
1227 1233 1301 1311 tile·

233 1339 312 1410 ritis
332 1337 564 1430 conquiratur
583 1335 657 1408 hoc
674 1338 866 1429 donnum&
882 1341 966 1409 virae
982 1336 1193 1410 innocentia
1212 1356 1302 1411 con·

132 1483 138 1500 ι
234 1436 418 1527 servetur,
441 1434 682 1526 &unicuique
706 1433 897 1511 secundum
915 1435 1115 1534 proieiium
1132 1433 1215 1509 fidei
1240 1457 1300 1510 ru·

234 1534 543 1729 sitisti:
553 1534 949 1728 astitistis:
977 1555 1099 1732 ²3:⁰3:
1112 1535 1301 1708 tristitie

235 1740 307 1810 xit:
332 1737 410 1806 Non
423 1735 616 1830 permanebit
627 1738 773 1829 Spiritus
789 1762 873 1807 meur
889 1743 925 1812 in
938 1735 1124 1806 horninibus
1137 1735 1302 1833 r'flr's‚qrrr'o

236 1862 307 1908 roro
320 1835 415 1919 sunt,
438 1835 524 1905 illuc
544 1831 708 1924 respicit,
735 1850 796 1928 ut,
823 1835 991 1927 quoniam
1017 1838 1133 1920 anima
1156 1853 1301 1928 eorum,

233 1934 423 2027 repudiata
441 1932 593 2024 Spiritus
611 1932 797 2030 servitute,
821 1935 864 2008 ad
880 1936 994 2008 carnis
1013 1934 1154 2008 servitia
1170 1933 1302 2008 setosa

235 2033 447 2124 convertit,
474 2033 580 2106 etiam
598 2030 669 2123 ipsa
686 2035 781 2124 ejus,
808 2029 867 2107 cui
885 2033 920 2108 se
933 2035 1122 2126 conjunxit
1139 2033 1252 2115 carni,
1266 2034 1301 2106 dr

235 2153 317 2220 eum
336 2152 403 2224 qua
418 2150 528 2205 unum
547 2128 675 2204 efferta
693 2128 765 2226 est,
791 2153 926 2208 nomen
943 2134 1104 2228 accipiat
1130 2131 1301 2214 ,Diversis

236 2254 325 2330 ergo
343 2231 460 2305 modis
478 2231 603 2304 haberi
622 2230 742 2322 potest
759 2231 920 2327 Spiritus.
949 2231 1022 2312 Vel
1040 2231 1191 2325 Spiritus
1201 2232 1302 2306 Chri·

232 2332 274 2430 „sti
303 2335 476 2425 habetur,
502 2327 693 2406 secundum
720 2331 776 2425 id,
804 2333 903 2425 quod
926 2327 1228 2425 supradiximus,
1255 2355 1300 2406 ex

232 2431 465 2525 inspiratione
479 2430 615 2527 divina,
636 2431 782 2504 ubisit:
810 2433 948 2530 Accipite
962 2437 1126 2529 Spiritum
1137 2430 1299 2521 natium,

230 2527 474 2620 [dsiasufflaoir
493 2537 530 2600 in
545 2537 588 2600 eii
598 2554 612 2617 ,-
638 2531 820 2608 &rursum
837 2532 1032 2612 eomodo,
1058 2551 1131 2623 quo
1149 2531 1186 2603 in
1198 2529 1298 2604 Aut-

234 2634 301 2710 bus
322 2629 586 2722 Apostolorum
608 2630 739 2703 dicitur
763 2628 921 2728 gestum,
948 2643 989 2706 ut
1007 2631 1153 2710 diverse
1169 2632 1297 2726 linguis

231 2733 469 2822 loquerentur
486 2727 666 2821 Apostoli.
698 2727 809 2804 Est&
823 2731 884 2804 ille
898 2732 1048 2826 modus,
1075 2733 1135 2823 qui
1152 2730 1188 2802 in
1203 2729 1298 2828 Reg-

232 2829 361 2903 norum
381 2831 478 2902 libris
494 2827 662 2915 refertur,
672 2848 754 2904 cum
771 2830 858 2904 dicit
877 2829 1079 2923 Scriptura:
1107 2831 1154 2904 Er
1176 2831 1298 2924 inpluit

230 2931 373 3025 Spiritus
391 2931 479 3019 {uper
495 2927 596 3018 Suel,
621 2927 660 3003 (5
676 2935 766 3024 coepir
780 2931 976 3027 prophetare.
1029 2927 1138 3004 Est&
1156 2930 1218 3004 iile
1235 2931 1295 3005 ad·

230 3027 304 3102 huc
318 3025 567 3126 aliusmodus,
593 3041 656 3120 ut,
683 3047 764 3103 cum
784 3028 952 3104 Salvator
969 3029 1050 3122 post
1068 3027 1297 3106 resurreetio·

228 3147 313 3204 nem
331 3148 412 3200 curn
432 3123 594 3221 Cleopha
613 3129 646 3200 dr
666 3129 737 3200 alio
756 3127 928 3222 discipulo
946 3130 1015 3202 iter
1033 3149 1140 3226 agens
1161 3129 1193 3204 u
1211 3149 1294 3224 ape-

228 3229 324 3302 riens
346 3229 396 3299 eis
412 3224 631 3321 Scripturas,
657 3226 787 3322 ignivit
809 3250 873 3303 eos
896 3226 1017 3321 spiritu
1045 3230 1119 3303 oris
1143 3225 1215 3321 sui,
1242 3231 1293 3305 ita

227 3344 270 3403 ut
287 3328 337 3401 illi
357 3327 540 3398 dicerent:
566 3329 687 3400 Nonne
701 3350 752 3396 cor
763 3329 899 3426 nostrum
910 3347 980 3400 erar
993 3330 1106 3399 ardens
1119 3334 1291 3419 intronos,

226 3432 444 3522 sumoperirer
462 3427 549 3508 uobis
566 3423 774 3522 Scripturas?
830 3427 896 3520 Vis
924 3441 1043 3501 autem
1069 3425 1176 3512 scite,
1208 3431 1292 3520 qnia

226 3549 303 3601 non
331 3526 442 3602 solum
467 3523 566 3620 Jesus
592 3527 746 3618 loquens
772 3528 916 3602 tradidit
939 3527 1164 3612 audientibus
1183 3527 1292 3622 Spiri-

224 3640 300 3702 tum
319 3625 417 3702 Dei?
454 3625 550 3698 Vide
569 3625 605 3700 in
622 3626 772 3700 Astibos
787 3626 1068 3721 Apostolorum,
1097 3629 1288 3718 quomodo

220 3725 396 3818 loquente
413 3724 522 3799 Petro
540 3724 583 3796 ad
600 3723 809 3800 Cornelium
832 3725 992 3825 repletur
1010 3727 1142 3822 Spiritu
1163 3721 1298 3803 sansto

215 3826 289 3918 ipse
308 3826 516 3915 Cornelius,
544 3823 654 3914 &qui
670 3846 751 3898 curn
764 3846 812 3906 ,eo
831 3844 941 3902 erant.
986 3825 1145 3902 Unde‘&
1163 3839 1226 3921 tu,
1256 3829 1282 3906 ii

215 3926 373 4020 loquaris
382 3925 534 4002 verbum
543 3922 671 4018 Dei&
685 3925 851 4020 loquaris¹
861 3925 1018 4004 fideliter
1034 3945 1079 4002 ex
1096 3926 1290 4006 conscissi

142 4083 175 4155 ι
973 4073 1081 4144 ,ἰ
1133 4028 1227 4134 Μ
1283 4037 1289 4062 ²
