2825 4559
197 269 268 404 ree
323 283 659 400 -o‘nr‘ccrrrs-
685 229 1097 388 concirenrnn.
1149 255 1152 262 ’

198 472 290 544 riurn
305 467 356 542 est
374 470 521 561 videre,
548 472 737 562 quomodo
761 472 875 564 regen
899 467 934 543 se
956 468 1171 543 confirmare
1185 488 1270 562 pro·

196 572 370 657 nunciet,
398 572 457 661 qui
472 567 930 663 indrperioribucdixerit,
958 573 1039 661 quia
1053 590 1128 641 non
1141 566 1266 663 justifi-

98 683 104 694 '
201 681 305 744 cetur
319 671 432 742 homo
450 671 682 763 exoperibus
701 673 800 765 legis.
826 670 992 743 Salvator
1008 673 1045 742 in
1060 668 1267 763 Evangeliir

198 769 309 859 dicit,
337 771 417 861 quia
434 771 563 864 Mopsus
576 773 612 842 dc
626 797 672 841 me
682 771 816 866 scripfir.
863 771 935 865 Qui
956 790 1043 866 ergo
1060 790 1137 841 non
1155 768 1272 840 credit

200 867 366 960 Christo,
392 870 438 942 de
455 869 695 963 qun-Moyses
719 870 852 963 scripsrt
869 871 1022 965 inlege‚
1049 869 1196 942 destruit
1220 870 1270 939 le·

112 987 118 996 ‘
198 989 299 1064 gem:
326 971 385 1060 qui
402 955 519 1044 eudem
537 971 651 1044 credit
670 969 833 1062 Christo,
851 970 896 1042 de
909 991 982 1059 quo
1000 967 1151 1060 Moyses
1164 965 1272 1060 scrip·

105 1099 109 1114 ²
174 1069 266 1168 fiir,
293 1071 409 1164 iegern
427 1068 617 1144 confirmat
633 1091 696 1162 per
711 1053 841 1158 iidem,
871 1071 952 1160 quia
976 1069 1091 1141 credit
1114 1070 1151 1139 in
1172 1064 1272 1138 Chri·

200 1165 304 1242 sturn.
355 1167 477 1243 Fidem
497 1184 613 1245 cutem
633 1170 782 1245 dicimus
797 1173 832 1242 in
853 1168 1007 1259 Patrem,
1025 1167 1057 1239 dr
1075 1166 1215 1258 Filium,
1235 1164 1269 1236 dr

203 1266 371 1360 Spiritum
389 1268 543 1344 {indiunr
555 1271 758 1364 integram,
786 1272 948 1363 plenam,
976 1266 1272 1361 persediarn‚qnae

128 1389 158 1410 ··
200 1369 292 1441 nihil
306 1367 496 1457 diversum,
509 1369 596 1443 nihil
612 1370 812 1462 discrepans
831 1375 899 1461 eutj
909 1382 1117 1441 extraneum
1135 1368 1173 1438 in
1189 1365 1273 1436 Tri·

200 1468 317 1544 nitate
343 1468 549 1561 profitetur.
600 1469 696 1543 Nern
723 1468 915 1560 Marcion,
951 1473 1011 1560 qui
1044 1468 1150 1539 aliurn
1184 1466 1274 1540 dicit

203 1565 324 1650 Deum
350 1571 459 1663 legis,
488 1570 592 1643 aliurn
618 1567 758 1642 Patrem
786 1568 936 1659 Christi,
963 1590 1029 1662 per
1051 1564 1158 1639 fidem
1176 1563 1273 1637 suam

203 1671 281 1740 'non
297 1657 432 1758 staruir‘,
440 1689 559 1759 neque
576 1668 781 1760 confirmat,
798 1667 856 1742 sed
872 1667 1020 1741 destruit
1035 1669 1159 1762 legem.
1187 1664 1273 1736 Hoc

163 1774 166 1780 '
205 1766 240 1837 dr
256 1763 376 1839 Ebion
394 1771 501 1850 facitr
528 1770 602 1841 hoc
621 1770 655 1842 dc
674 1788 822 1860 omnen,
850 1770 908 1861 qui
935 1770 971 1840 in
995 1768 1067 1840 fide
1094 1766 1275 1838 catholica

204 1865 336 1955 aliquid
351 1871 594 1958 corruptionis
609 1867 838 1945 interserunt.
865 1866 945 1963 Ego
962 1871 1069 1940 etiarn
1085 1865 1171 1938 iilud
1186 1884 1274 1936 con-

203 1968 397 2038 venienter
413 1963 593 2058 adjiciam,
620 1970 719 2061 quod
737 1970 869 2059 omnir,
886 1969 946 2057 qui
964 1968 1111 2038 credens
1129 1963 1274 2037 Christo

195 2067 299 2136 irene
316 2068 399 2159 agir,
423 2069 456 2138 dr
476 2072 642 2142 continet
660 2067 694 2140 se
713 2069 755 2140 ab
774 2071 873 2140 omni
890 2069 1026 2141 macula
1043 2069 1195 2159 peccari,
1213 2067 1272 2136 hie

196 2165 319 2257 {egem
343 2166 413 2238 Dei
438 2165 533 2238 redie
554 2169 722 2266 yivendo
744 2165 954 2241 confirmat:
982 2169 1042 2258 qui
1067 2185 1159 2238 vero
1187 2185 1272 2255 prae·

196 2283 290 2355 ceps
306 2282 541 2360 peccatorum
559 2270 657 2341 vitiis
674 2269 810 2362 egitur,
837 2268 870 2340 dc
887 2266 958 2340 srne
973 2268 1049 2337 uilo
1074 2263 1273 2361 poenitendi

201 2365 409 2438 retinaculo
434 2366 628 2440 affiduitate
649 2367 820 2440 scelerum
839 2370 1061 2456 maculatur,
1089 2367 1147 2438 hic
1165 2365 1282 2438 etiarn·

197 2462 395 2538 ficredere
408 2463 551 2539 Christo
570 2469 757 2554 videatur,
784 2486 849 2562 per
866 2464 971 2538 fidem
996 2464 1088 2537 suern
1112 2484 1186 2536 non
1207 2463 1274 2533 iia·

201 2567 295 2650 tuit,
322 2563 381 2637 scd
399 2563 546 2638 destruit
562 2568 691 2662 legem.
748 2565 818 2639 Sed
842 2568 900 2638 illa
920 2585 1144 2654 nequaquam
1166 2561 1273 2635 nobis

197 2665 455 2757 pretereunda
472 2669 617 2739 videtur
633 2665 806 2758 objcdiin‚
818 2687 919 2757 quam
939 2665 1103 2757 proferre
1120 2666 1196 2754 quis
1210 2683 1275 2754 po·

196 2761 295 2841 ¹rest,
323 2764 356 2834 ἀ
382 2766 521 2856 dicere,
549 2768 647 2857 quod
664 2769 844 2838 contraria
860 2765 920 2837 srbi
939 2764 1092 2837 scribere
1109 2764 1275 2835 videatur

195 2859 428 2954 npostorns,
457 2886 537 2938 curn
554 2869 595 2937 in
615 2865 777 2958 presenti
801 2866 941 2956 quidem
959 2866 1046 2937 inco
1064 2866 1171 2956 dicit,
1197 2883 1276 2935 non

204 2961 335 3033 destrui
352 2965 465 3058 legem
483 2962 540 3035 sed
555 2962 787 3037 confirmari:
812 2968 848 3036 in
866 2964 1019 3037 secunda
1036 2985 1129 3037 vero
1146 2963 1188 3034 ad
1205 2960 1277 3033 Co·

146 3139 149 3144 ,
202 3062 359 3134 rinthios
380 3065 428 3135 ita
447 3062 586 3139 scribit:
614 3068 708 3157 Quod
717 3065 969 3162 fimirrr'flerium
985 3073 1095 3136 mortis
1117 3071 1153 3134 in
1168 3065 1276 3133 diteris

200 3162 381 3262 formarum
406 3169 442 3231 ἐπ
460 3166 630 3260 lapidibus,
653 3164 778 3255 fufium
801 3165 841 3260 ιβ
867 3167 904 3235 in
925 3167 1044 3258 gloria,
1072 3171 1121 3236 ira
1139 3181 1184 3236 rer
1209 3187 1276 3233 nnn
1306 3247 1309 3254 1

202 3263 319 3358 pnſjerrr
338 3265 578 3354 intendercfiiii
589 3267 686 3352 Israel
701 3265 872 3358 infaciem
889 3268 994 3360 Moyfi
1006 3284 1131 3363 propter
1144 3265 1277 3358 gloriam

204 3365 319 3434 vultur
342 3369 426 3460 ejus,
453 3389 521 3461 qua
546 3367 736 3463 destruitur,
762 3369 907 3463 quomedo
931 3391 997 3436 non
1021 3372 1117 3461 magis
1138 3365 1277 3462 ministe-

205 3469 290 3534 rium
318 3468 463 3557 Spiritus
487 3471 553 3537 erit
578 3461 759 3560 ingloria?
792 3466 824 3538 δι
851 3470 959 3561 paulo
979 3467 1078 3559 post:
1111 3459 1277 3554 sienim,

203 3566 283 3662 quod
298 3566 490 3657 destruitur,
515 3569 572 3659 'per
581 3569 713 3660 gloriam
727 3566 767 3662 ιβ
777 3588 792 3652 ,·
817 3569 921 3638 multo
939 3573 1047 3661 magis,
1066 3569 1144 3663 quod
1157 3583 1279 3653 maner,

204 3669 241 3732 in
256 3666 426 3762 gloriaest.
479 3665 563 3739 Dici
598 3687 686 3762 ergo
721 3667 863 3761 potest,
905 3669 987 3758 quia
1012 3670 1127 3761 gloria
1153 3671 1279 3740 vultus

139 3837 141 3844 ,
203 3763 348 3858 Moysr‚
376 3787 454 3858 qnae
474 3764 686 3858 destruitur,
714 3767 858 3856 dehoc,
877 3768 974 3859 quod
995 3769 1102 3860 dicit,
1129 3771 1168 3842 Si
1179 3773 1278 3853 enim,

202 3870 282 3959 quod
298 3868 485 3962 destruitur,
511 3887 564 3962 per
578 3868 716 3957 gloriam
735 3867 797 3963 esi,
824 3869 1044 3940 contrarium
1061 3868 1177 3939 videri
1193 3870 1279 3940 huic

180 3963 406 4060 'sentenriae,
432 3988 503 4064 qua
528 3969 770 4066 pronunciat:
806 3967 898 4048 Non
923 3967 1132 4048 destruimus
1159 3969 1278 4060 legem

1160 4088 1226 4168 per
