2825 4559
186 285 248 361 ru
274 279 445 382 rrrsr.
474 237 551 353 no
576 275 809 355 norrun.
835 271 937 352 tro.
962 273 1067 354 v11.
1119 300 1201 396 ³³5·

128 461 202 522 tem
220 445 371 519 revelati
388 441 521 516 fuerint
534 435 596 536 filii
611 438 704 532 Dei,
732 434 766 511 dt
783 438 990 536 congregati
1005 460 1192 542 perunum

129 567 195 646 per
215 543 426 634 Ecclesiam,
453 559 555 633 quarn
571 538 692 614 statuit
710 541 877 626 univiro,
902 543 1062 634 virginem
1079 547 1193 641 casiam

129 648 272 721 exhibere
302 642 443 740 Christo,
477 655 565 712 tunc
589 641 622 711 ὰ
646 632 719 731 ipse
741 639 949 738 liberabitur
974 660 993 713 a
1016 640 1192 725 servitute

103 728 111 746 ⁸
131 745 396 839 corruptionis,
422 740 511 815 sicut
529 740 563 812 dt
584 734 657 833 ipse
678 737 783 813 dicit:
810 742 1069 838 Egoorotemjoor
1084 753 1193 820 immo·
1230 817 1233 832 ,

129 850 189 933 ior,
200 846 239 922 (5
253 862 373 938 tompuo
392 841 586 931 resolutionis
600 862 671 910 moa
686 839 794 936 infiat.
819 841 953 930 Cursum
967 841 1191 946 consummaui,
1248 855 1251 864 '

121 952 221 1043 fldem
238 945 390 1035 servavi:
416 945 452 1013 do
471 955 577 1012 rateto
599 936 725 1036 ropofito
748 936 788 1036 ost
812 939 894 1010 mihi
914 964 1026 1012 corono
1044 947 1189 1042 juditia.

132 1049 218 1122 Hoc
235 1042 286 1117 est
300 1046 489 1118 liberatum
506 1035 580 1113 'effe
601 1060 621 1112 a
641 1037 814 1112 servitute
829 1041 1072 1135 corruptionis
1092 1046 1130 1121 in
1152 1051 1193 1121 li·

131 1149 309 1221 bertatem
325 1142 447 1239 gloriae
463 1138 620 1214 filiorum
639 1137 719 1212 Dei.
748 1137 816 1210 Sed
833 1139 967 1232 abhis,
993 1142 1016 1216 ii
1032 1145 1191 1239 videtur,

132 1244 303 1339 exemplis
322 1243 426 1314 etiam
443 1242 486 1312 ad
502 1236 687 1332 superiora
703 1236 920 1330 conscende,
940 1238 974 1313 dc
991 1243 1073 1316 vide
1088 1247 1193 1339 ipfius

131 1345 238 1436 sniis,
266 1341 425 1428 niune,
443 1358 485 1412 ac
501 1336 677 1412 stellarum
694 1338 793 1430 coeli,
814 1337 847 1410 dr
865 1341 978 1413 totius
995 1345 1115 1416 mundi
1131 1350 1195 1420 mi·

131 1443 275 1521 nisteria
291 1437 477 1531 quomodo
494 1434 647 1531 subjedio
661 1435 742 1510 sunt
759 1439 931 1530 vanitati,
950 1447 1195 1536 corruptioni·

133 1565 205 1636 que
224 1536 440 1615 deserviunt.
483 1537 541 1610 Ad
558 1534 639 1610 usur
654 1556 810 1628 namque
824 1534 1009 1614 hominum
1030 1544 1129 1617 aiunt
1145 1546 1195 1620 sess
1243 1603 1245 1608 .

131 1660 253 1741 geter,
280 1642 449 1712 arborum
465 1633 599 1709 frudun
615 1636 842 1731 producunt,
866 1637 1083 1732 herbamque
1104 1666 1196 1722 cam.

132 1761 283 1838 porum3
301 1755 407 1830 atque
426 1738 572 1811 eosdem
590 1736 627 1810 in
642 1733 677 1810 se
693 1749 923 1811 revertentes
941 1743 1024 1814 anni
1038 1745 1196 1822 circulor

137 1842 304 1914 volvunt.
339 1837 521 1930 Reparant
538 1836 632 1911 enim
649 1855 725 1927 quae
739 1845 977 1928 praetereunr,
1004 1840 1197 1935 &preter-
1254 1889 1260 1911 r

131 1942 187 2015 ire
204 1938 360 2030 rursum,
380 1957 457 2028 quae
475 1946 637 2029 reparata
651 1931 753 2024 sunt,
770 1934 900 2012 finunt.
931 1937 1030 2032 ipsos
1050 1963 1198 2037 quoque¹

133 2043 320 2136 Angelos,
344 2037 368 2110 sr
390 2040 433 2108 ad
448 2033 658 2109 sententiam
672 2032 771 2108 Pauii
788 2034 971 2130 respicies,
1000 2061 1077 2132 quae
1096 2044 1198 2136 dicit,
1297 2121 1300 2142 Ι

136 2143 218 2233 quia
235 2163 339 2220 ornnes
355 2133 574 2229 ministeriolo
588 2130 666 2229 fitur
675 2133 812 2230 spirituo
828 2139 869 2207 od
887 2136 1093 2229 ministerium
1112 2142 1199 2237 miffi
1277 2212 1281 2228 ,
1301 2197 1312 2215 .

133 2245 351 2340 propiorem,
383 2241 438 2335 qui
461 2236 676 2308 hereditatem
697 2239 830 2333 copiunt
848 2234 985 2326 seriatis,
1020 2242 1199 2341 intelliges

135 2342 209 2414 tale
226 2337 355 2430 aliquid
371 2356 510 2432 gerere,
526 2334 559 2407 dt
574 2333 657 2410 huic
671 2336 901 2429 corruptioni
918 2336 987 2411 eise
1004 2336 1199 2430 subjectos:
1287 2337 1289 2342 ’

135 2439 247 2522 credo
270 2439 377 2510 etiam
400 2434 495 2530 ipsos
517 2453 596 2510 non
617 2435 814 2527 volenter,
840 2430 899 2509 sed
923 2456 1075 2531 propter
1101 2462 1200 2540 eum,

138 2541 197 2631 qui
217 2535 367 2634 subjecit
383 2556 447 2609 eos
465 2537 502 2608 in
520 2532 591 2628 spe.
643 2537 819 2606 Voluntati
834 2538 1111 2637 mimiiiiaoquis
1130 2542 1201 2637 ress·
1238 2575 1240 2580 ·
1291 2620 1294 2625 ¹

130 2631 218 2739 [iiii
255 2635 334 2732 Ego
348 2637 460 2708 etiam
482 2634 528 2706 de
544 2633 863 2731 Archangelirtaie
877 2637 1009 2728 aliquid
1024 2639 1201 2739 intellige·

135 2758 178 2811 re
195 2735 421 2831 Propheticio
438 2736 575 2817 invitor
590 2736 756 2827 eloquiis.
782 2733 882 2836 Quid
900 2739 994 2813 enim
1012 2752 1121 2815 tante
1139 2760 1199 2818 va·

135 2839 259 2913 nitatis
277 2835 309 2907 do
327 2851 435 2907 tante
455 2834 701 2928 corruptionis
716 2834 893 2933 inveniar,
913 2855 1016 2930 quam
1033 2840 1126 2913 belia
1143 2860 1202 2940 ge·

134 2955 216 3012 rere
239 2940 275 3010 in
300 2936 373 3008 hoc
394 2929 562 3008 mundoi
595 2953 732 3029 pugneo
748 2927 931 3011 adversum
951 2935 986 3011 se
1005 2940 1142 3037 Regum
1164 2943 1199 3016 dt
1232 2983 1237 2994 ·
1285 2995 1290 3020 o

139 3033 314 3110 Gentium
334 3029 597 3108 dommoverei
646 3031 745 3106 Vide
768 3053 880 3130 ergo,
908 3036 1005 3128 quod
1028 3040 1061 3113 dt
1086 3044 1122 3114 in
1146 3041 1202 3120 hio

138 3138 357 3230 precipuum
375 3131 624 3230 Archangelici
642 3135 763 3226 operis
785 3132 940 3210 habetur
959 3132 1137 3232 officium,
1162 3139 1204 3216 sr-
1256 3193 1259 3200 ·

141 3248 205 3309 eut
222 3233 347 3308 Daniel
363 3231 544 3325 Propheta
560 3229 720 3318 testatur,
736 3253 815 3305 curn
831 3232 932 3329 dicit,
949 3237 1203 3328 quiaArchan·

137 3337 237 3432 gelus
254 3337 465 3426 loqueretur
483 3333 646 3424 adeum,
675 3334 734 3422 qui
761 3332 898 3405 diceret
920 3333 975 3427 ei,
1001 3338 1099 3429 quod
1114 3358 1202 3440 pug.

137 3435 282 3509 naverit
304 3432 488 3506 adversum
510 3432 706 3525 principem
732 3429 933 3527 Persarum,
959 3435 998 3512 σ
1015 3460 1123 3526 ormo,
1149 3441 1202 3514 in·

140 3537 237 3625 quit,
265 3531 337 3624 fuir
361 3537 443 3603 miioi
467 3534 645 3630 adjutorio,
669 3530 731 3625 nist
756 3531 902 3604 Mithri!
925 3540 1066 3634 princeps
1090 3538 1203 3637 vesstr.

136 3632 206 3707 Per
231 3635 307 3708 hec
330 3653 417 3729 ergo
435 3633 567 3729 singuia
584 3630 864 3726 deprehenditur
881 3636 1103 3714 rationabilis
1119 3643 1203 3716 croa-¹

139 3750 217 3806 turo
240 3738 390 3822 connati
416 3731 487 3807 effe
507 3729 646 3827 subjeiio
670 3754 739 3802 non
764 3734 893 3822 voiono,
914 3733 968 3825 sed
981 3750 1107 3833 proptor
1121 3766 1202 3831 oum,

136 3841 195 3931 qui
206 3835 391 3934 fioijooirjn
402 3835 462 3926 ipo.
489 3831 577 3925 Spes
594 3850 749 3921 namque
769 3831 844 3927 est,
871 3834 916 3908 nb
932 3836 1107 3912 hierebus
1122 3861 1205 3917 cor·

135 3936 259 4028 poreir
277 3935 311 4012 dr
329 3932 623 4030 corruptibilium
639 3931 832 4025 aliquando
850 3929 1061 4034 ceffandurn.
1096 3938 1208 4056 {lanc

128 4097 132 4104 .
1062 4055 1170 4114 emm
