2825 4559
195 330 271 423 ior
360 247 1096 445 ontounrs··conntnrnn.
1166 347 1169 358 ·

143 513 146 518 ·
195 496 295 568 time:
319 513 385 563 nen
397 493 482 562 enini
493 487 560 586 fine
572 492 665 581 caula
682 492 820 586 gladium
834 493 974 585 porrotz.
990 496 1054 564 Dei
1068 498 1152 565 urum
1169 499 1270 566 mini·

189 594 258 691 stet
273 591 334 691 ιβς
358 591 478 686 biuda
491 598 530 662 in
547 601 599 664 ira
615 599 662 674 ei,
687 597 747 689 qui
762 596 842 687 quod
860 596 976 663 malum
992 594 1031 690 eft
1045 602 1127 688 agit.
1180 597 1271 670 Mo·

198 709 265 769 vet
279 712 338 766 me
357 690 394 764 in
418 691 473 764 bio
493 688 716 766 sermonibus
739 685 890 784 Paulus,
924 694 1021 784 quod
1048 694 1272 788 potestatem

197 791 314 871 iaculi
332 791 366 864 dt
377 792 537 890 jndicem
552 793 674 867 mundi
693 793 763 864 Dei
781 793 976 866 ministrum
995 796 1102 868 dicit:
1129 795 1163 868 dr
1192 797 1270 869 hoc

197 913 278 974 non
295 889 423 983 semei,
449 888 508 966 sed
528 892 684 968 secundo
705 893 738 964 dr
756 898 867 965 tertio
883 895 1028 984 repetit.
1072 895 1194 970 Velim
1211 915 1269 970 er·

198 1017 248 1094 go
263 993 467 1085 requirere,
486 992 674 1084 quomodo
689 993 797 1082 judex
813 994 935 1074 mundi
955 995 1024 1065 Dei
1042 995 1199 1068 minister
1214 996 1271 1071 iit.

200 1097 411 1174 Invenimus
439 1090 605 1186 scripturn
630 1095 667 1166 in
687 1090 837 1167 rudibus
861 1092 1149 1187 Apostolorum,
1185 1098 1272 1188 quia

199 1195 463 1272 convenientes
488 1197 525 1266 in
550 1213 661 1268 unum
685 1190 856 1285 Apostoli
882 1193 1081 1267 statuerunt
1104 1197 1273 1289 decreta,

197 1318 276 1390 quc
294 1291 488 1368 observare
504 1294 716 1367 deberemus
737 1299 828 1383 nos,
854 1294 914 1384 qui
932 1316 976 1367 ex
996 1293 1176 1370 Gentibus
1193 1317 1272 1370 cre·

198 1398 349 1472 didimus
365 1392 529 1473 Christo,
556 1395 738 1486 inquibus
757 1393 833 1467 haec
850 1396 1103 1468 continentur:
1130 1397 1272 1494 Apostoli

196 1498 235 1572 ὅ
254 1497 430 1588 Prerbyturi
443 1495 642 1586 fratribus,
655 1502 712 1588 qui
725 1495 804 1582 sunt
818 1498 900 1590 opud
916 1499 1133 1583 Antiochiam,
1150 1496 1189 1574 (Ἰ
1204 1503 1269 1590 Sy-

115 1641 117 1648 ·
196 1605 298 1680 eiam,
312 1597 358 1672 ’(9
379 1597 543 1678 Ciliciam,
568 1594 727 1679 omnibus,
753 1598 860 1690 quiex
875 1596 1030 1672 Gentibus
1052 1600 1267 1690 crediderunt,

189 1687 340 1792 salutem.
369 1699 530 1790 Quoniam
545 1698 668 1793 quidem
681 1696 862 1765 audivimus
880 1697 1025 1793 quosdam
1040 1699 1131 1789 ixiffe
1144 1727 1164 1768 a
1179 1701 1270 1770 nobb

196 1801 234 1878 θ
250 1799 438 1894 perturbare
456 1823 533 1885 vni,
557 1797 670 1890 quibui
686 1821 753 1865 nen
769 1800 1001 1870 mandavimus.
1041 1795 1089 1870 Et
1105 1798 1187 1890 post
1207 1800 1272 1872 aii·

198 1913 330 1991 quanta
352 1898 513 1970 reddituri
551 1899 679 1969 Placuit
703 1920 773 1990 eigo
794 1897 905 1983 [undio
931 1901 1077 1992 Spiritui
1102 1898 1141 1975 (Ψ
1167 1903 1271 1994 nobis,

140 2041 143 2046 ·
193 2002 287 2072 urrini
312 2004 447 2092 emptius
470 1999 633 2094 superponi
652 2003 742 2066 uobis
752 2001 920 2092 ponderis,
941 2015 1194 2097 pretiumque
1213 2025 1268 2072 no

117 2153 120 2157 »
194 2097 322 2193 crffiiria
333 2099 432 2186 sunt,
457 2112 494 2167 ut
511 2097 692 2192 abstineatis
708 2120 763 2165 nni·
779 2098 815 2168 ab
830 2098 897 2180 Iris,
911 2123 977 2193 qua
993 2101 1082 2170 idolis
1099 2102 1268 2193 immolan-

193 2220 268 2285 iur,
294 2197 518 2291 insanguine,
532 2195 774 2288 &sufficentia
800 2196 839 2273 (5
854 2198 1088 2286 fornicatione,
1113 2203 1267 2298 aquibus

192 2305 389 2397 custodientes
406 2301 601 2393 vosmetipsos
617 2301 692 2367 bene
708 2304 818 2391 agitis.
849 2301 972 2374 Valere.
1023 2300 1062 2373 ln
1089 2300 1144 2373 bis
1172 2322 1265 2398 ergo

191 2402 401 2498 praeceptis,
428 2399 463 2473 in
479 2402 607 2489 quibus
621 2398 709 2470 dicit
725 2398 813 2496 nihil
831 2400 980 2491 emplius
999 2402 1266 2492 imponendum

192 2503 263 2575 etie
281 2502 405 2590 oneris
423 2501 500 2581 hio,
527 2500 586 2591 qui
606 2519 652 2573 ex
670 2497 850 2571 Gentibus
868 2502 1040 2590 credunt,
1067 2500 1130 2573 nisi
1147 2516 1189 2573 ut
1205 2503 1275 2575 ub·-

191 2602 345 2678 stineant
360 2600 396 2674 se
414 2600 548 2692 abhis,
576 2619 654 2690 qum
672 2598 778 2670 idolis
794 2600 1045 2686 immolantur,
1074 2600 1107 2672 dr
1128 2601 1265 2697 sangui·

189 2725 258 2789 ne,
278 2709 311 2773 di
326 2700 531 2790 iiiffocutir,
548 2699 581 2770 dt
599 2697 866 2790 fornicatione,
893 2720 1013 2790 neque
1027 2701 1264 2776 homicidium

188 2806 424 2896 prohibetur,
456 2818 574 2890 neque
601 2798 841 2890 adulterium,
867 2820 987 2893 neque
1013 2799 1171 2891 furtum,
1199 2822 1262 2874 ne·

189 2923 260 2993 qne
282 2898 518 2974 masculorum
536 2897 777 2989 concubitus,
804 2918 923 2989 neque
945 2915 1073 2973 caeteru
1095 2904 1260 2993 crimine,

107 2986 113 3002 ’
188 3020 267 3091 quae
292 2997 816 3091 diviniruhumanieiegibus
839 3003 1047 3092 puniuntur.
1101 3001 1301 3098 Quodss.

186 3102 245 3173 iiia
264 3097 357 3189 sola,
377 3117 455 3189 quae
473 3095 574 3189 supra
590 3099 828 3189 memoravit,
843 3096 1067 3172 observanda
1082 3100 1170 3172 dicit
1186 3100 1261 3175 eise

186 3197 409 3289 Christianis,
426 3199 607 3270 videbitur
629 3199 678 3269 eis
698 3201 743 3268 de
760 3204 897 3370 οωῑῗίε
915 3197 1047 3273 dediise
1065 3202 1260 3275 licentiam.

184 3299 358 3376 Sed¹vide
377 3297 646 3371 ordinationem
661 3296 811 3387 Spiritus
847 3296 958 3372 andi:
986 3301 1154 3389 quonium
1182 3303 1261 3390 qui·

183 3404 265 3475 dem
285 3414 414 3472 eutero
429 3397 576 3470 crimina
594 3393 708 3470 saecuii
726 3398 864 3493 legibus
880 3399 1125 3492 vindicantur,
1154 3399 1186 3470 dr
1205 3398 1259 3472 su·

180 3499 357 3596 perfluum
377 3499 569 3598 videbatur
587 3494 679 3586 eiie,
707 3518 749 3569 eu
771 3516 868 3571 nunc
889 3499 1011 3571 divina
1032 3504 1110 3595 lege
1131 3500 1257 3590 prohi-

178 3602 282 3694 beri,
309 3622 387 3693 quae
407 3595 623 3672 sufficienter
645 3599 800 3670 humana
820 3599 901 3694 iege
930 3598 1158 3691 pietiuntur3
1194 3600 1256 3674 iiio

177 3700 275 3793 sola,
302 3701 348 3773 de
366 3700 495 3789 quibus
512 3698 600 3772 nihii
615 3698 769 3771 humana
786 3699 847 3770 lex
865 3698 1026 3792 dixerut,
1054 3700 1088 3772 dc
1106 3717 1184 3790 quer
1199 3719 1255 3773 re·

176 3802 305 3897 ligioni
320 3799 782 3889 videbanturconvenire,
811 3799 982 3871 decernit.
1025 3795 1079 3871 Ex
1098 3817 1172 3890 quo
1192 3821 1254 3892 ap·

131 3931 135 3936 ·
172 3914 296 3995 paret,
320 3901 478 3992 judicent
496 3899 619 3973 mundi
636 3913 774 3989 purtem
791 3899 978 3972 maximam
999 3899 1068 3973 Dei
1086 3899 1173 3993 legis
1190 3900 1254 3974 inr-

156 4005 274 4097 piete.
306 4002 446 4084 onnia
462 4001 563 4078 enim
577 3998 827 4098 criminaque
842 3998 1019 4074 vindicari
1035 4000 1117 4074 uult
1133 3998 1252 4096 Deur,

92 4127 102 4244 [-
217 4163 228 4174 .
308 4161 315 4180 .
424 4150 432 4164 =
533 4133 591 4210 -ιι,
944 4161 946 4166 .
1118 4117 1206 4190 mii
