2825 4559
200 309 286 406 464
338 225 668 384 ''uniouurs
712 301 1101 394 connnnrnr.

202 483 379 544 ornatum
395 467 788 563 intercolumnium,
813 469 898 541 ideo
920 467 962 542 ad
981 465 1128 542 munera
1150 465 1280 566 gritiu·

161 601 164 606 ·
212 593 292 644 rum
309 573 414 644 etiarn
429 569 576 646 moraliu
593 581 773 662 praeceptu
790 571 1007 664 conjungat,
1032 587 1072 641 ut
1092 569 1277 660 ostendat,

213 667 421 743 Christianis
446 671 551 744 etiarn
574 671 650 742 haec
677 687 741 760 per
767 669 837 742 Dei
864 671 1010 766 gratiam
1037 670 1122 745 dari.
1189 670 1281 744 Sunt

215 775 308 843 enirn
326 771 358 842 ἂ
375 773 541 843 nonnulli
557 769 752 843 Gentilium
770 770 977 864 compositis
993 770 1154 860 moribus
1172 773 1207 842 ἀ
1219 773 1282 842 ho·

168 911 171 916 -
203 867 313 945 :noste
335 869 525 960 institutis,
554 871 612 961 qui
629 881 746 944 tamen
762 871 835 942 hoc
854 866 986 962 ipsum,
1012 869 1110 961 quod
1128 871 1281 961 habent,

213 991 291 1045 non
307 970 350 1042 ad
367 971 485 1045 Deum
504 965 689 1063 referunt,
714 989 785 1044 nec
808 972 852 1044 ab
877 966 955 1062 ipso
979 969 1038 1041 sibi
1063 970 1182 1043 datam
1211 991 1284 1064 grn-
1326 1025 1327 1038 ,

208 1067 300 1144 tinnit
326 1068 567 1162 confitentur3
595 1068 653 1144 sed
680 1079 741 1143 tut
764 1071 921 1165 propriae
946 1065 1121 1142 industrlae
1149 1069 1281 1143 adscri-
1326 1065 1328 1084 “

214 1173 326 1257 bunt,
353 1186 413 1243 tut
431 1169 534 1263 super
548 1167 718 1266 magistris
735 1169 768 1243 ἀ
784 1167 1044 1243 institutoribus
1066 1171 1282 1265 gloriantur.

208 1249 334 1346 Nobis
351 1285 468 1343 autern
485 1267 640 1345 ostendit
654 1269 872 1365 Apostolus,
900 1289 1022 1360 omne,
1031 1271 1129 1363 quod
1144 1274 1284 1343 bonurn

214 1370 286 1462 est,
315 1371 433 1442 olleo
451 1368 542 1461 elio,
571 1372 603 1442 ὅτ
624 1389 688 1463 per
711 1369 879 1464 Spiritum
899 1367 1052 1444 saeuum
1073 1370 1168 1442 dari:
1196 1369 1285 1442 sicut

215 1474 249 1544 ἀ
266 1473 422 1566 'jacobus
443 1469 638 1563 Apostolus
656 1471 760 1562 dicit:
790 1475 888 1542 Omne
903 1473 1010 1542 dolum
1025 1471 1151 1554 bonum,
1167 1470 1205 1545 U
1225 1493 1286 1538 om·

211 1596 256 1645 rte
273 1575 386 1641 donum
397 1570 572 1666 perfrfium
593 1573 746 1658 desursum
767 1572 805 1668 ιβ
829 1574 1009 1662 destruitur
1029 1597 1050 1641 a
1069 1573 1169 1642 Parra
1186 1572 1284 1642 lurrr‘·

213 1697 312 1765 rrum5
339 1686 380 1742 ut
399 1679 457 1768 qui
470 1673 646 1765 gloriatur,
672 1677 710 1742 in
732 1673 866 1744 Domino
883 1673 1047 1768 glorietur.
1104 1691 1109 1706 “

210 1815 215 1822 -
292 1795 349 1862 25·
380 1775 573 1845 Videamus
599 1792 688 1868 ergo
710 1792 828 1863 nunc,
850 1773 1068 1864 quinetiam
1094 1771 1131 1841 in
1160 1763 1285 1842 conso

215 1875 409 1966 quentibus
427 1875 592 1966 adjungat
607 1870 827 1963 Apostolus:
857 1876 967 1942 omnis
992 1877 1102 1943 anima
1121 1869 1285 1964 pornian'·

216 1977 272 2042 bus
286 1973 521 2059 sublimioribus
531 1973 700 2064 subjaceol.
755 1972 911 2045 Videtur
925 1971 1011 2046 mihi
1028 1973 1066 2044 ln
1084 1971 1161 2045 hoc
1179 1967 1287 2040 valde

209 2072 440 2144 laudabiliter
464 2073 613 2143 animam
637 2069 856 2162 nominoio,
883 2091 989 2163 quam
1014 2069 1197 2163 subjacere
1218 2087 1283 2161 po·

213 2172 399 2243 testatibus
414 2171 526 2261 jubet.
566 2171 760 2259 Nunquam
778 2170 874 2243 enirn
890 2168 1052 2245 dixillett·
1075 2169 1206 2242 Omnis
1224 2165 1287 2261 spi·

213 2273 305 2344 ritus
327 2267 505 2356 subiaceat
521 2272 712 2364 potestati3
740 2269 815 2346 sed:
846 2275 957 2342 Omnis
975 2277 1094 2344 anima.
1143 2269 1201 2340 De
1220 2287 1288 2357 qua

216 2370 421 2443 differentia
437 2371 526 2462 saepe
537 2371 607 2462 jarn
624 2370 796 2463 diximus,
820 2372 918 2462 quod
932 2371 1110 2444 interdurn
1130 2383 1197 2459 per
1218 2369 1288 2439 ani·

212 2493 329 2562 mam,
356 2465 534 2546 interdurn
555 2493 619 2565 per
639 2491 804 2564 carnem,
831 2472 1008 2547 interdum
1029 2467 1288 2568 perspiritum,

215 2573 330 2647 horno
346 2572 561 2646 nominatur.
589 2570 658 2644 Sed
675 2593 756 2647 curn
771 2593 790 2644 a
807 2588 910 2664 parte
926 2572 1077 2644 meliore
1097 2569 1286 2639 nominan-

216 2673 283 2745 dus
300 2671 372 2763 est,
402 2672 495 2765 quusi
519 2673 578 2763 qui
602 2671 765 2764 spiritalis
791 2673 940 2766 intelligi
963 2671 1116 2760 debeat,
1144 2663 1285 2759 spiritur

216 2774 367 2845 dicitur:
403 2773 547 2862 quondo
574 2775 617 2844 ab
644 2772 839 2864 inferiore,
870 2773 1001 2844 anima:
1037 2787 1118 2841 cum
1145 2787 1241 2838 vero
1268 2784 1287 2838 ι

218 2873 402 2956 deteriore
427 2871 656 2962 nominatur,
685 2891 769 2943 caro
796 2872 947 2943 dicitur:
983 2870 1171 2943 &horum
1193 2865 1291 2938 testi·

216 2972 340 3044 monia
367 2970 412 3042 de
436 2969 625 3061 Scripturis
651 2970 741 3064 saepe
763 2973 991 3064 protulimus.
1044 2968 1154 3040 Nunc
1181 2984 1288 3060 ergo,

217 3070 387 3161 quoniam
405 3084 581 3161 precepta
598 3070 828 3143 credentibus
848 3075 955 3162 ponit
974 3066 1185 3161 Apostolus,
1206 3068 1287 3137 vult

206 3189 288 3244 'nos
307 3171 488 3261 quietern,
514 3184 685 3260 quantum
711 3170 872 3243 innubis
895 3168 968 3257 est,
995 3167 1175 3260 praelentis
1199 3169 1288 3239 vitae

218 3289 417 3364 paceinque
440 3268 592 3344 servare.
653 3267 701 3342 Et
725 3270 747 3343 sr
773 3270 915 3361 quidem
935 3271 1024 3341 tales
1050 3265 1189 3359 sumus,
1226 3265 1288 3356 qui

216 3368 400 3461 conjuncti
419 3370 581 3443 Domino
610 3390 701 3441 unus
727 3390 808 3444 cum
825 3391 871 3442 eo
895 3368 1034 3461 spiritus
1056 3369 1178 3454 sunus,
1206 3365 1290 3440 Do·

215 3474 317 3548 mino
339 3471 489 3543 dicirnur
505 3468 575 3542 elle
595 3467 748 3561 subjelii.
786 3470 821 3543 si
838 3489 930 3541 uero
947 3468 1109 3541 nondum
1126 3471 1217 3538 tales
1235 3465 1288 3538 su·

216 3593 316 3661 rnus,
343 3568 401 3643 sed
427 3571 627 3644 communio
652 3569 768 3642 adhuc
788 3571 903 3643 anima
927 3568 979 3643 est
999 3570 1179 3653 innubis,
1207 3583 1288 3657 quae

217 3672 348 3746 habeat
364 3671 494 3762 aliquid
517 3670 779 3761 hujusmundi,
806 3691 883 3761 quae
897 3669 938 3741 lit
957 3671 989 3743 ei
1007 3669 1127 3758 aliquo
1145 3668 1289 3761 alligato

108 3819 110 3844 .
218 3774 394 3864 negotio,
432 3770 515 3842 huic
538 3784 717 3862 praecepta
744 3769 941 3862 Apostolus
966 3772 1091 3861 ponit,
1127 3767 1159 3837 &
1186 3769 1288 3851 dicit,

108 3859 121 3964 'r
219 3887 262 3940 ut
285 3867 440 3963 souetu
464 3869 506 3942 sit
530 3867 768 3962 potestatibus
791 3870 931 3942 mundi:
958 3871 1039 3958 quia
1055 3870 1088 3939 ἃ
1104 3869 1287 3940 Dominus

108 3989 112 3998 ·
160 4057 180 4127 Ι
220 3970 328 4058 dixit,
355 3983 395 4044 ut
410 3969 469 4068 hi,
495 3974 554 4063 qui
571 3970 706 4043 habeut
723 3971 761 4042 in
776 3966 811 4042 se
825 3967 1159 4066 superscriptionem
1178 3965 1289 4079 Crest-

1173 4083 1237 4153 ur.
