2825 4559
223 287 299 380 ,so
333 225 338 232 ⁵
400 211 687 356 o'umunns
716 245 1136 358 sonu-suunt..
1227 213 1256 236 '¹

234 454 347 542 prout
366 399 570 538 potuimus,
591 438 735 513 discuffa
750 439 850 534 sunt,
866 440 1171 520 considerantibus
1189 429 1299 523 etium

231 544 341 635 illud,
369 541 467 633 quod
483 542 571 622 dicit
588 539 805 634 Apostolus:
831 546 888 612 Au
910 545 1095 638 Judoorum
1117 548 1205 615 Deus
1224 565 1297 620 ton·

105 700 107 705 ,
231 638 333 718 tum?
360 642 531 716 Nonne&
546 638 722 713 Gentium?
751 645 813 713 lmo
828 641 867 717 (ὅ
884 644 1059 738 Gentiume
1084 657 1125 716 ut
1139 665 1204 736 per
1220 646 1296 724 haec

232 745 441 818 euidentior
471 737 534 816 fiat
569 742 777 832 explanatio
804 744 993 832 quomodo
1018 742 1129 835 Judaei
1154 746 1296 836 ptimo,

165 861 182 892 ι*
233 845 365 917 deinde
382 841 706 933 Graeci.ponuntut
722 842 766 913 ab
782 840 978 936 Apostolo.
1029 841 1097 914 Sed
1117 858 1236 918 tumen
1257 846 1295 917 in

151 987 156 996 .
226 945 388 1016 -atbittio
414 943 565 1034 legentis
578 935 630 1012 'stt
649 941 827 1033 probare,
855 938 1045 1032 quodidie
1069 939 1159 1015 sunt.
1212 942 1294 1016 Nos

226 1059 356 1116 ,aotstn
373 1041 476 1133 plura
492 1040 700 1114 adduximus
720 1040 756 1110 in
773 1039 973 1131 truentum,
989 1041 1120 1131 nequid
1138 1041 1182 1114 de
1194 1041 1295 1136 Apo·

234 1144 316 1217 stoli
340 1138 438 1214 sensu
459 1136 683 1212 indiscussum
701 1141 902 1230 relinquere
921 1140 1136 1215 videremur.

310 1249 341 1320 8.
368 1244 569 1334 Quicumque
584 1245 670 1309 enim
684 1238 749 1326 stne
769 1244 1067 1333 legeapeccovetunn
1087 1241 1158 1335 fine
1174 1240 1235 1333 lege
1254 1238 1294 1318 U

225 1345 402 1441 ‚periimus
431 1338 469 1415 (5
485 1355 635 1435 quotquot
652 1345 688 1440 {u
706 1343 768 1431 iege
781 1338 987 1432 peccaverunt
998 1384 1008 1422 ‚
1019 1377 1022 1384 ·
1033 1361 1088 1434 per
1104 1343 1195 1434 legem
1207 1341 1294 1435 judi·

236 1444 410 1513 cuduntur.
446 1444 528 1512 Non
545 1445 631 1510 enim
648 1441 805 1508 auditores
821 1441 895 1532 legis
904 1440 1065 1534 juJiisunt
1080 1441 1293 1536 opud-Deum,

101 1589 121 1636 1-
227 1545 282 1634 sed
294 1538 434 1632 fatiores
452 1540 527 1632 legis
542 1539 813 1636 justificabuntur.
866 1534 957 1611 Cum
981 1540 1076 1610 dicat
1093 1539 1294 1630 Apostolus

208 1675 211 1680 ·
233 1663 321 1732 eos,
348 1642 407 1731 qui
425 1637 504 1722 fine·
520 1641 598 1734 lege
619 1633 885 1732 peceaverunt,
901 1638 984 1712 ¹stne
1001 1642 1078 1732 iege
1096 1643 1293 1738 perituros,

232 1742 425 1832 requiritur
439 1753 557 1813 utrum
569 1740 613 1810 de
630 1736 704 1810 soie
719 1737 839 1829 Moysi
856 1740 933 1833 lege
947 1739 1218 1833 intelligendum
1234 1741 1290 1830 iit,

119 1891 125 1900 .
233 1862 279 1913 sn
305 1839 405 1912 &de
427 1840 506 1931 lego
532 1834 681 1927 Christi,
705 1838 766 1908 vel
792 1839 898 1910 etiam
921 1837 965 1910 de
991 1859 1213 1929 quacumque
1228 1839 1293 1914 hu·

231 1931 336 2014 tna'ns
355 1939 434 2031 lege
458 1936 519 2009 sub
543 1956 611 2028 qua
630 1957 921 2026 unumquemque
937 1940 1142 2010 mortalium
1163 1941 1295 2014 vivete

232 2037 434 2133 contingit,
462 2037 560 2125 quod
577 2034 770 2109 secundum
790 2033 897 2126 ipsam
913 2033 1062 2129 judicari
1079 2033 1204 2129 poiiit,
1230 2042 1293 2129 uui
1329 2033 1331 2038 ’

229 2143 267 2212 in
290 2159 332 2211 ea
355 2149 506 2228 peccet:
540 2156 585 2208 an
609 2134 669 2225 qui
691 2148 794 2207 extra
818 2135 927 2210 soistn
948 2135 1066 2226 Moysi
1089 2140 1202 2231 legem
1225 2138 1292 2232 est,

232 2233 365 2312 etiamst
381 2231 442 2309 sub
459 2236 575 2326 aliqua
590 2237 670 2329 lege
687 2236 807 2320 vivat,
835 2240 937 2308 velut
950 2252 1051 2307 extre
1066 2239 1183 2331 legem
1200 2238 1293 2331 post·

97 2347 102 2352 '
233 2333 309 2422 tiss,
336 2356 417 2408 curn
437 2337 665 2428 peccauerit,
691 2348 827 2426 pereat.
877 2334 1110 2427 Namutpse
1132 2335 1293 2428 Aposto-

123 2491 127 2512 ,
229 2436 451 2517 iussaene,
472 2454 552 2506 cunt
567 2433 654 2506 dicit
664 2428 704 2538 se
720 2432 797 2522 his,
814 2436 873 2526 qui
894 2434 964 2506 sine
983 2435 1062 2530 lege
1081 2433 1174 2524 sunt,
1195 2433 1292 2526 quass

229 2539 304 2611 stne
319 2538 399 2632 lege
415 2531 507 2626 effe,
532 2535 566 2606 ds
583 2533 698 2605 addit:
728 2537 809 2607 Cum
826 2539 937 2630 utique
946 2533 1016 2628 fine
1030 2536 1090 2626 lege
1108 2560 1173 2604 non
1191 2537 1289 2626 eflssms

123 2699 127 2706 .
223 2640 279 2729 sed
302 2637 427 2728 iu'iege
444 2631 537 2725 offam
564 2633 706 2728 Chrffli,
741 2630 897 2707 ostendit
920 2631 956 2706 se
981 2636 1122 2727 quidem
1149 2638 1184 2710 in
1211 2638 1292 2732 lege

228 2737 350 2830 Moyfi
365 2753 441 2808 non
456 2732 549 2823 effe,
567 2731 637 2806 eise
654 2748 773 2806 tumen
791 2732 852 2806 sub
872 2737 962 2827 iege.
988 2734 1102 2806 Sed&
1116 2736 1292 2826 humano,

228 2851 271 2910 ut
284 2837 458 2923 diximus,
485 2835 604 2928 leges,
630 2832 653 2905 s1
671 2832 716 2903 ad
732 2833 806 2904 hoc
821 2830 933 2925 ipsum
948 2837 1103 2923 reputati
1119 2833 1289 2926 debeant,

231 2935 372 3007 videto.
407 2931 591 3006 Naturalis
610 2950 702 3003 ueto
719 2933 799 3021 lex,
827 2951 904 3022 quae
923 2934 1161 3028 communiter
1179 2937 1293 3010 omni·

224 3036 295 3108 bus
311 3017 516 3107 hominibus
531 3027 642 3121 inest,
658 3029 953 3103 considerandum
966 3029 1054 3104 estis
1070 3053 1147 3105 non
1164 3054 1290 3108 omnes

228 3155 323 3228 pene
345 3133 454 3206 faciat
470 3135 506 3206 in
525 3132 610 3226 iege,
623 3149 797 3221 peccare,
824 3129 912 3203 sicut
927 3131 965 3201 in
986 3130 1289 3221 consequentibus

228 3235 338 3308 dieite
377 3236 455 3306 Coos
478 3235 564 3303 enim
588 3231 726 3315 Gentes,
752 3254 818 3325 que
839 3230 932 3322 legem
947 3255 1014 3300 non
1032 3232 1166 3318 babent,
1191 3248 1289 3303 notu·

226 3337 343 3407 taliter
365 3356 433 3427 quae
451 3332 524 3425 legis
540 3331 625 3420 suut
636 3328 791 3419 faciunt,
818 3331 856 3400 hi
870 3330 962 3422 legem
982 3343 1048 3402 nou
1067 3332 1215 3402 boisum
1233 3332 1290 3428 ἱρή

222 3437 284 3532 fibi
303 3434 465 3526 suntiono,
491 3435 548 3526 qui
565 3429 730 3525 oflendunt
747 3450 820 3526 opus
836 3432 910 3523 legis
923 3431 1076 3526 scriptum
1092 3438 1129 3501 iu
1148 3434 1290 3504 cordibus

222 3537 304 3627 suis.
355 3529 431 3604 Nisi
459 3551 525 3603 eos
547 3526 647 3602 forte
675 3528 833 3604 dicemus
861 3543 961 3626 extra
989 3534 1105 3625 legem
1129 3532 1288 3623 positos,

226 3634 286 3727 qui
306 3651 423 3722 neque
441 3629 578 3719 scriptis
597 3627 754 3724 legibus,
779 3649 899 3721 neque
914 3630 1147 3718 conscientia,
1176 3632 1208 3703 u
1227 3653 1289 3704 co·

161 3803 164 3808 .
226 3731 461 3831 gitationibus
484 3729 639 3822 propriis
660 3722 1005 3820 reprehendentibus
1027 3730 1061 3801 so
1084 3730 1117 3800 ds
1139 3739 1300 3824 arguen·'

93 3811 98 3842 ''
226 3837 322 3907 tibus
341 3845 478 3923 putent.
515 3828 716 3923 Quomodo
734 3844 852 3902 eutem
868 3828 974 3901 dicits
1001 3833 1163 3922 Quotquot
1175 3838 1212 3899 in
1226 3834 1293 3923 ΙΨ]

223 3949 428 4033 putauerunt
437 3973 449 4020 ,
471 3951 528 4028 pu
543 3931 642 4038 legent.
647 3924 901 4026 judicabuntur?
926 3919 1064 4024 Utique
1079 3933 1288 4105 qugduiiltitge

628 4069 633 4076 ’
1101 4043 1107 4058 ’
1165 4047 1192 4103 ri
