2825 4559
186 351 192 364 ,
289 261 912 394 montaneorum.
939 263 1039 344 ero.
1066 263 1094 345 1.
1180 283 1230 368 ις

163 431 239 613 ἰὲΐε
262 435 475 528 praedicator
492 429 568 523 ejnr
584 427 658 524 est,
683 425 779 502 teile
797 411 896 504 suum
911 427 999 502 dicit
1013 425 1084 506 elle
1101 425 1232 510 Paulus
1299 423 1301 428 ’

202 537 492 726 Ἲεὲιῗοῗοαηη
506 627 692 724 promiserat
706 650 765 725 per
783 629 953 728 Prophetas
968 631 1041 720 sura
1064 637 1102 704 irc
1113 573 1248 730 ‚Serio-¹

165 740 252 810 raris
264 733 404 823 ululis.
457 730 810 822 Utrumfimpliciter
830 735 942 826 accipi
965 734 1094 808 debeat
1113 729 1234 808 Evan-

165 838 300 934 gelium
324 851 389 927 per
414 828 612 924 Scripturas
633 829 868 926 Propheticas
892 855 910 902 a
935 831 1019 907 Deo
1044 833 1233 928 repromis-

163 943 263 1024 l'um3
290 953 334 1005 an
359 932 403 1004 ad
430 927 690 1006 distinctionem
717 932 860 1004 alterius
885 929 1095 1028 Evangelii,
1133 933 1232 1026 quod

164 1053 341 1110 eternum
356 1031 444 1104 dicit
458 1031 617 1126 Joannes
637 1033 672 1104 in
688 1028 933 1124 Apocalypsi,
961 1034 1059 1124 quod
1074 1049 1163 1107 tunc
1178 1055 1233 1108 re·

167 1135 362 1208 velandum
377 1130 429 1204 est
444 1150 524 1204 cum
547 1135 672 1205 umbra
690 1131 886 1222 transterit,
914 1134 947 1204 dc
966 1135 1098 1205 veritaa
1121 1155 1233 1207 vene·

165 1239 239 1326 rit,
265 1233 299 1305 dr
323 1253 403 1305 cum
426 1251 523 1304 mors
547 1229 657 1302 fuerit
683 1227 874 1324 absorpta,
910 1233 1144 1306 &aeternitas
1178 1255 1234 1306 re-

168 1333 311 1422 stituta,
339 1332 565 1405 considerato
585 1332 690 1402 etiam
715 1345 755 1402 tu
773 1335 833 1421 qui
854 1335 950 1426 legis.
1004 1333 1071 1405 Cui
1095 1349 1231 1408 aeterno

167 1431 371 1528 Evangelio
402 1432 605 1503 convenire
634 1429 855 1504 videbuntur
886 1434 993 1504 etiam
1025 1435 1075 1505 illi
1107 1434 1232 1508 aterni
1296 1435 1300 1450 '

165 1538 253 1608 anni
276 1534 321 1605 de
346 1533 472 1620 quibus
501 1529 682 1624 Propheta
705 1527 814 1601 dicit:
850 1532 1014 1604 Erannos
1038 1548 1170 1604 aceram
1193 1541 1232 1606 in
1256 1615 1258 1620 ,

166 1651 274 1706 mente
295 1631 402 1705 habui.
453 1627 568 1718 Eique
594 1629 736 1726 adjungi
757 1629 878 1722 potest
897 1629 929 1703 dc
946 1633 1007 1704 ille
1023 1633 1115 1706 liber
1130 1637 1232 1726 vite,

166 1735 204 1807 in
222 1752 297 1826 quo
317 1728 515 1802 lanelorum
533 1729 678 1802 nomina
693 1729 822 1822 scripta
840 1731 1026 1804 dicuntur:
1053 1732 1110 1805 sed
1133 1733 1234 1806 &illi

166 1834 249 1908 libri
269 1834 330 1922 qui
350 1827 444 1921 apud
467 1827 677 1920 Danielem,
700 1849 783 1902 cum
801 1830 973 1919 judicium
997 1831 1232 1926 consedillet,

161 1915 286 2027 ‘riperti
308 1927 407 2016 sunt;
435 1928 496 2000 vel
512 1927 572 2018 qui
586 1928 680 2022 apud
696 1926 929 2002 Ezechielem
949 1932 1157 2021 prophetam
1174 1933 1235 2006 de·

163 2035 264 2106 intus
289 2028 485 2102 &deforis
510 2028 680 2099 dicuntur
701 2025 880 2120 inscripti:
909 2049 986 2120 quae
1012 2033 1131 2104 omnia
1156 2053 1234 2106 non

166 2145 394 2218 atrament0,
421 2124 479 2200 sed
499 2124 619 2219 spiritu
643 2126 714 2200 Dei
734 2130 812 2199 vivi
831 2126 961 2220 scripta
977 2146 1235 2207 memorantur.

167 2231 229 2306 De
259 2230 386 2321 quibua
416 2227 578 2318 quamvis
599 2224 842 2320 periculosum
870 2233 1036 2301 videatur
1063 2233 1233 2306 chartulis

167 2332 398 2405 committere
411 2327 631 2418 sermonem,
648 2343 768 2400 tamen
789 2348 865 2401 non
885 2331 1003 2402 otiose
1019 2345 1236 2423 pretereun·
1273 2381 1275 2388 ·

167 2433 211 2504 da
232 2429 315 2502 sunt
333 2428 423 2500 diiia
442 2424 649 2516 sapientium
674 2425 708 2498 dc
729 2431 934 2522 enigmata,
962 2429 1019 2502 sed
1040 2431 1154 2504 subtili
1176 2433 1234 2506 ad·

168 2531 315 2605 modurn
337 2526 465 2600 mentis
487 2528 583 2614 acie3
611 2531 648 2598 in
670 2543 840 2618 quantum
864 2537 921 2601 rer
944 2532 1102 2622 patitur,
1129 2536 1234 2608 velut

172 2650 237 2724 per
261 2628 439 2718 quoddam
461 2625 642 2719 speculum
666 2627 959 2717 contemplanda:
987 2650 1032 2701 ne
1057 2628 1154 2702 forta
1182 2635 1234 2726 is,

172 2728 234 2819 qui
258 2728 417 2800 Verbum
444 2745 529 2796 caro
556 2723 667 2796 failur
692 2729 856 2816 apparuit
887 2725 1012 2819 positis
1036 2731 1073 2801 in
1104 2749 1233 2826 carne,

167 2829 258 2903 ficut
283 2827 482 2917 Apostolus
509 2826 621 2918 dicit,
650 2827 730 2916 quia
755 2826 971 2920 manifestatus
994 2828 1032 2923 est
1057 2834 1095 2899 in
1121 2845 1235 2918 corna,

162 2929 355 3028 justificatur
373 2929 557 3022 inspiricrr,
582 2931 733 3020 apparuit
749 2927 897 3019 Angelis,
923 2929 997 3000 hoc
1013 2930 1115 3020 quod·
1129 2941 1236 3023 appa&

164 3029 241 3100 ruit
262 3026 438 3120 Angelis,
471 3046 546 3096 non
576 3031 625 3096 eis
653 3028 788 3115 absque
814 3026 1015 3121 Evangelio
1050 3031 1233 3123 appatuit:

162 3127 255 3201 ficut
277 3147 325 3197 ne
349 3129 457 3198 nobis
482 3127 623 3214 quidem
649 3126 879 3216 nominibus,
906 3129 948 3197 ad
980 3148 1071 3218 quos
1097 3125 1239 3204 millum

165 3224 203 3300 fe
220 3227 309 3298 dicit
326 3227 547 3316 evangelizare
560 3225 770 3319 pauperibus,
800 3230 961 3296 dimittere
977 3234 1117 3323 captivos
1132 3236 1168 3298 in
1189 3256 1237 3300 re.

166 3323 362 3418 mriffionam,
387 3324 425 3400 U
451 3330 650 3394 annunciare
674 3349 797 3394 omnum
824 3331 955 3396 Domini
981 3345 1146 3422 occeplrm.
1198 3328 1236 3402 Si

166 3445 258 3521 ergo
278 3446 358 3499 cum
378 3425 542 3517 apparuit
558 3425 662 3498 nobis
680 3425 902 3518 hominibus,
929 3445 1003 3500 non
1022 3429 1096 3502 fine
1115 3426 1237 3502 Evan-

166 3529 264 3622 gelio
284 3530 458 3618 apparuit,
474 3525 733 3614 consequentia
750 3524 895 3596 videtur
911 3525 1117 3620 ostendere,
1135 3529 1236 3619 quod

149 3628 277 3720 uetiam
298 3626 477 3718 ¹Angelico
501 3624 619 3696 ordini
645 3623 817 3696 nonime
842 3622 1043 3719 Evangelio
1064 3648 1237 3720 rpparue-

164 3727 230 3815 rit,
246 3727 312 3796 illo
326 3721 477 3796 fortallis
494 3723 592 3813 quod
609 3736 780 3798 arternum
801 3723 1034 3820 Evangelium
1055 3749 1073 3799 a
1091 3729 1235 3822 Joanne

165 3831 403 3900 memoratum
423 3822 526 3914 supra
542 3823 766 3898 edocuimus.
817 3821 851 3894 Si
870 3843 961 3896 vero
977 3826 1083 3900 etiam
1101 3829 1136 3900 in
1157 3829 1238 3899 rell·
1303 3845 1309 3900 .·

167 3924 246 4020 quia
270 3923 471 4000 celestibus
491 3922 679 4002 ordinibus
705 3924 780 4000 cele.
801 3924 933 4016 aliquid
955 3924 999 4002 ab
1024 3947 1071 4002 eo
1099 3927 1235 4100 gegum

1120 4047 1197 4102 cu
