2825 4559
228 292 291 370 ru
315 285 489 368 tuter.
515 225 846 384 unuumnrr.
861 281 1075 389 ·nun.·111.·
1125 274 1227 386 ua'·

126 452 339 553 perfidem,
365 444 953 527 sedstatnimurdrconfirmanusa.
1004 449 1075 524 Sed
1093 454 1196 548 vides
1246 479 1274 510 ··

126 559 152 632 sr
178 556 344 650 poiiimua
365 553 439 625 huc
463 549 597 642 modo,
622 548 721 643 quud
740 549 962 643 intentatur,
990 550 1196 644 absolvere..

127 656 220 730 Non
236 653 288 730 est
302 653 411 742 idem,
428 645 527 744 quod
540 651 652 741 dixit,
683 649 1008 744 Legemduiruimm,
1035 651 1087 744 u,
1113 653 1194 730 Lex
1236 715 1240 726 .

129 755 333 830 destruitur.
360 751 488 826 Paulus
501 768 589 846 ergo
606 751 644 824 in
658 749 926 843 prasenti-loco
943 752 1016 824 hoc
1035 771 1197 844 pronun·
1236 769 1238 774 ·

114 859 214 952 siat,
233 854 331 945 quod
348 853 464 947 legem
483 849 556 945 ipse
569 869 646 924 uun
662 848 828 926 destruat
852 839 947 924 Nam
965 849 998 924 dt
1014 851 1036 925 si
1052 852 1197 928 destrui-

130 971 198 1028 tur-
210 957 271 1027 lex
290 971 354 1047 per
373 972 450 1025 eam
464 969 547 1041 quae
569 949 807 1042 supereminet
828 951 1002 1046 gloriam,
1027 973 1103 1026 non
1130 975 1198 1046 per
1316 1033 1319 1042 ,

128 1056 301 1134 Paulum,
325 1069 444 1143 neque
467 1070 530 1143 per
542 1052 648 1124 alium
664 1051 816 1142 aliquem
831 1048 1031 1126 sanderum
1050 1050 1199 1130 destrui·

129 1170 199 1227 tur.
243 1151 353 1226 Unde
376 1153 410 1222 dr
427 1150 500 1242 ipse
519 1150 695 1224 Dominus
710 1151 873 1224 dicebat:
895 1153 974 1224 Nan
986 1160 1065 1223 vani
1073 1153 1198 1243 salvere

128 1257 241 1348 segem,
260 1252 508 1347 sedaiimpim.
540 1249 673 1324 Nullus
688 1270 775 1346 ergo
790 1247 1010 1340 sannorum,
1037 1273 1106 1326 nec
1123 1254 1199 1347 ipse
1287 1335 1289 1340 ,

129 1355 310 1429 Dominus
330 1351 478 1425 destruit
499 1353 638 1444 legem,
663 1350 721 1423 sed
745 1352 859 1445 gloria
884 1351 960 1443 eiua
986 1357 1197 1447 temporalis

132 1455 166 1527 tr
184 1451 420 1546 pertransiens
440 1451 587 1545 agiuria
601 1463 733 1524 aeterna
752 1451 1034 1540 &permanente
1052 1453 1199 1528 destrui·

131 1569 191 1626 tur
206 1553 240 1625 tr
254 1551 448 1644 strueretur,
483 1550 592 1622 Unde
607 1550 715 1641 vide,
740 1571 843 1640 quam
858 1566 962 1624 caute
977 1553 1010 1623 dr
1025 1553 1199 1650 perspica-

132 1656 224 1730 citer
241 1650 464 1745 Apostolicae
481 1650 640 1748 legende
656 1648 724 1723 smt
739 1651 862 1725 literae.
888 1648 980 1725 Non
996 1654 1103 1728 dixit:
1131 1659 1204 1732 Nas-

131 1779 192 1849 qus
218 1758 305 1823 euim
322 1751 531 1843 glorificatum
554 1749 616 1847 eft,
641 1753 722 1846 quud
743 1750 908 1843 gloriosum
932 1752 994 1850 asi,
1025 1754 1058 1826 dt
1084 1753 1199 1838 siluit:

130 1854 291 1942 alioquin
320 1850 443 1925 falsum
472 1850 676 1924 videretur:
710 1848 923 1944 (quomodo
952 1854 1067 1944 enim,
1100 1854 1202 1944 quod

131 1950 328 2049 gloriosum
344 1950 419 2041 est,
445 1969 521 2023 non
542 1948 629 2024 effet
647 1948 939 2046 glorificatum‘i)
966 1952 1024 2025 sed
1045 1954 1200 2032 addidita

137 2058 268 2147 Propter
284 2077 372 2142 enm,
396 2076 464 2147 qua
478 2051 710 2145 supereminet,
733 2053 887 2145 glorian:
910 2066 952 2125 ut
978 2052 1202 2149 ostenderet,

129 2173 211 2229 nun
230 2175 250 2225 a
266 2171 495 2242 quocumque
514 2150 645 2226 destrui
659 2153 808 2247 gloriam
828 2148 971 2245 Moyfi,
996 2154 1031 2224 id
1056 2153 1127 2247 est,
1153 2157 1204 2229 le·

130 2256 208 2350 gis,
234 2253 313 2339 sed,
339 2264 380 2324 ut
400 2252 576 2344 diximus,
603 2273 648 2324 ex
665 2251 938 2346 comparatione
960 2254 1105 2345 majoris
1123 2257 1203 2351 giu·-

132 2356 213 2445 riae,
240 2373 317 2443 quae
332 2352 368 2424 in
387 2349 529 2423 Christo
545 2351 620 2439 est,
645 2354 770 2448 obtegi
787 2351 820 2427 u
836 2349 1016 2428 obscurari
1033 2373 1110 2427 earn
1126 2358 1204 2451 glo·

134 2455 246 2544 riam,
271 2472 349 2544 quae
364 2452 402 2524 in
419 2452 498 2545 lege
512 2450 585 2536 est3
610 2450 645 2522 dr
661 2452 748 2526 ideo
767 2452 873 2526 dicit:
901 2455 941 2523 Si
956 2459 1041 2525 caim
1059 2458 1137 2550 quad
1151 2459 1205 2528 de-

130 2555 273 2652 firuirur
287 2573 342 2646 per
352 2552 484 2644 giarium
498 2551 559 2645 efl3
582 2554 682 2621 muita
699 2560 810 2645 magis,
828 2553 1040 2648 querimur,
1057 2559 1092 2623 in
1104 2556 1205 2646 ginta
1223 2581 1225 2586 ·

136 2655 188 2752 efl.
215 2653 370 2725 Manere
386 2670 463 2742 quae
482 2651 610 2724 Christi
625 2651 706 2726 sunt
722 2653 831 2739 dicit3
848 2649 979 2725 destrui
996 2674 1072 2743 quas
1083 2655 1206 2747 moyn

137 2753 239 2829 sunta
264 2750 327 2825 sed
347 2752 475 2826 destrui
503 2771 580 2824 non
606 2772 671 2845 pet
692 2752 898 2843 huminem,
912 2750 983 2825 ·sed
999 2774 1043 2826 ex
1061 2774 1210 2849 cumpa-

136 2857 295 2943 ratiune‚
315 2863 357 2924 ut
375 2851 540 2942 diximus,
559 2850 845 2945 supervenientis
863 2851 1007 2948 gloriam
1034 2858 1207 2945 quoniam

137 2953 281 3045 quidem
298 2954 350 3022 Iex
365 2954 542 3047 paedugngu'r'
553 2955 653 3049 noster
662 2953 734 3042 fuit
750 2958 787 3021 ias
806 2952 946 3050 Cleriflo,
970 2951 1091 3027 donec
1104 2957 1209 3029 veni·

138 3067 196 3126 ret
215 3052 381 3148 plenitude
401 3069 593 3148 temporum:
631 3053 666 3126 dt
690 3052 779 3126 srcut
803 3052 951 3130 dicimus
974 3053 1207 3131 neceisariunt

142 3151 212 3226 ess’e
231 3172 322 3242 opus
339 3154 537 3248 paedagogi,
554 3151 674 3226 donec
691 3154 862 3244 parvulus
878 3154 971 3234 estis
987 3159 1045 3245 qui
1063 3155 1123 3230 sub
1141 3177 1211 3250 pm·

141 3255 284 3347 dagogo
299 3251 370 3342 est,
397 3251 525 3325 destrui
543 3267 662 3327 autem
679 3254 713 3326 &
729 3274 806 3325 non
822 3251 891 3326 eise
905 3253 1135 3329 necessarium
1153 3251 1211 3327 of·

140 3353 264 3428 ficium
290 3353 496 3448 paedagogi,
530 3374 610 3425 curn
637 3355 680 3425 ad
709 3351 968 3444 perfestionem
996 3356 1140 3428 venerit
1165 3356 1211 3449 is,

141 3457 201 3544 qui
219 3451 282 3524 sub
300 3452 496 3546 pedagogo
515 3453 603 3525 fuit:
628 3454 679 3526 ita
701 3453 850 3526 dicimus
873 3453 1003 3528 destrui
1023 3457 1093 3547 jam
1115 3476 1211 3549 opus

143 3555 254 3650 legis,
275 3554 328 3623 ubi
345 3555 480 3622 advenis
499 3556 665 3648 plenitudo
682 3559 848 3650 temperis,
873 3551 1039 3648 &filius,
1068 3557 1126 3647 q'ui
1152 3557 1214 3628 ali·

142 3645 287 3745 quando
311 3653 399 3724 nihil
423 3651 613 3726 differebat
633 3653 802 3746 aservo,
828 3655 941 3728 haeres
958 3655 1068 3729 faetus
1086 3653 1137 3730 est
1153 3669 1216 3748 ραι7

143 3770 256 3828 ternae
274 3751 484 3830 substantiae.
513 3752 626 3849 Quod
642 3770 761 3827 autern
781 3754 856 3828 haec
869 3756 920 3828 ita
936 3756 1090 3831 debeant
1108 3757 1217 3829 intel·

143 3855 226 3949 ligi,
253 3841 331 3945 quae
347 3853 558 3926 destruenda
575 3854 732 3947 appellat
745 3851 964 3946 Apostolus,
986 3853 1216 3929 consuetudi·
1279 3897 1283 3904 ·
1312 3807 1331 4028 1

144 3975 229 4046 nem
248 3956 322 4053 ejus
338 3950 441 4051 super
455 3955 529 4030 hoc
546 3955 733 4029 vocabulo
749 3956 857 4031 etiam
872 3955 910 4032 in
928 3956 1002 4033 aliis
1017 3956 1125 4048 disce,
1150 3957 1216 4034 ubi
1301 3951 1307 3980 “

639 4053 676 4136 Κ
701 4075 724 4152 5
1071 4058 1188 4134 diust&
