2825 4559
201 317 313 398 s-,a
417 270 1208 404 o·u1onn1scouururau.'·
1303 259 1306 264 ’

148 491 151 496 ’
249 471 370 535 tamen
385 463 492 533 etiam
511 460 548 532 in
565 455 727 553 praesenti
743 451 894 535 dicetur.
935 460 1051 558 Igitur
1064 462 1116 536 ira
1131 461 1202 537 Dei
1216 477 1332 548 nunc.

248 561 404 633 revelari
426 559 557 632 dicitur
578 577 657 634 non
681 562 720 634 in
744 576 846 655 parte
869 562 1006 652 aliqua,
1024 561 1091 637 ¹scd
1110 564 1147 636 in
1169 586 1316 650 omnem

236 661 471 754 impietatem
487 657 521 732 dt
537 658 785 750 iniquitatem
813 679 882 734 nec
903 673 1023 736 tamen
1045 658 1091 735 in'
1104 684 1231 737 omnes
1250 667 1315 738 ho·

248 762 386 852 mines,
411 756 472 832 sed
493 759 538 830 in.
557 758 640 832 illos
664 758 782 852 solos,
809 763 869 851 qui
893 761 1084 836 veritatem
1107 762 1176 834 Dei
1196 765 1232 840 in
1249 757 1315 838 lni-

131 923 135 932 .
233 862 396 950 'quitate
413 858 599 931 detinent:
626 859 791 933 detinent
811 860 976 950 quidem,
1003 859 1122 934 sedin
1148 861 1316 952 iniustitia

179 975 183 980 ·
236 979 330 1049 ,εισι
354 960 529 1032 detinent.
584 959 727 1057 Quibus
751 960 864 1045 etiam¹
880 960 968 1032 dicit
992 960 1215 1034 manifestum
1242 962 1314 1040 eise

79 1054 83 1062 “
131 1131 133 1134 ,
210 1058 307 1157 id,
332 1058 580 1151 ptiodnoturn
598 1055 650 1130 est
666 1057 757 1150 Dei,
785 1058 978 1132 ostendens
994 1058 1064 1133 elle
1079 1062 1210 1151 aliquid
1226 1060 1314 1156 Dei,

249 1160 350 1249 quod
373 1173 502 1231 notum
527 1158 593 1247 fit,
619 1156 805 1250 &aliquid
828 1161 929 1251 ejus,
954 1157 1054 1251 quod
1073 1160 1237 1255 ignotum
1261 1163 1314 1238 lit.

247 1256 354 1330 Dicit
381 1277 468 1354 ergo
493 1257 646 1329 revelari
669 1257 755 1330 iram
780 1256 847 1330 Dei
875 1258 949 1348 his,
975 1259 1035 1350 qui
1059 1259 1248 1332 veritatem
1272 1262 1312 1334 in

130 1353 134 1362 '
248 1358 439 1448 iniquitate
458 1354 632 1429 detinent.
686 1359 779 1451 Quae
794 1360 1023 1450 revelantur,
1041 1358 1087 1431 de
1103 1359 1262 1432 obscuris
1277 1365 1326 1432 dt·-

76 1468 80 1485 '
174 1523 177 1528 .
228 1457 447 1529 reconditis
470 1454 514 1530 ad
539 1456 707 1528 notitiam
732 1456 979 1549 proferuntur.
1039 1460 1134 1553 Quia
1161 1479 1249 1553 ergo
1278 1460 1314 1534 dr

247 1558 309 1630 hic
327 1577 403 1629 non
420 1555 669 1651 ignorantibus
691 1556 974 1642 veritatem,-sed
995 1560 1202 1630 tenentibus
1219 1580 1309 1647 earn,

231 1655 336 1729 'licet
353 1656 444 1731 male
463 1658 695 1744 tenentibus,
722 1657 773 1728 ira
794 1654 862 1744 Dei
882 1656 927 1729 de
947 1659 1041 1729 coelo
1061 1656 1191 1729 dicitur
1209 1678 1314 1732 reve·

175 1832 178 1836 ,
244 1757 335 1848 lari,
353 1755 498 1828 videtur
513 1749 610 1844 qudd
628 1756 807 1846 rationem
820 1754 1070 1847 (inscientiam,
1090 1771 1130 1828 ut
1140 1757 1226 1830 iram
1240 1757 1310 1832 Dei

241 1853 502 1930 manifestatam
522 1854 619 1926 dicat
643 1852 714 1927 elic
734 1857 810 1936 his,
836 1857 967 1946 quibus
983 1857 1117 1928 veritas
1134 1873 1226 1928 nota
1243 1856 1310 1948 est,
1332 1931 1334 1935 ,

97 2023 99 2028 ,
240 1955 334 2028 licet
349 1975 427 2028 eam
440 1951 477 2027 in
496 1954 684 2044 iniquitate
700 1955 895 2028 detineant.
948 1955 1060 2051 Quod
1081 1956 1244 2046 quidem,
1270 1973 1311 2031 ut

85 2105 96 2128 t
139 2117 142 2122 .
245 2075 293 2127 ex
321 2049 624 2144 consequentibus
652 2055 876 2141 declaratur,
902 2054 946 2127 de
966 2054 1182 2143 sapientibus
1206 2057 1337 2145 hujus,

244 2155 391 2246 mundi,
423 2152 629 2226 &eruditis
657 2156 718 2227 vel
742 2153 965 2246 philosophis
991 2155 1059 2226 dici
1085 2156 1308 2250 intelligitur,

244 2256 306 2344 qui
324 2272 406 2326 curn
418 2255 614 2327 rveritatem
631 2253 665 2323 dt
680 2253 847 2345 justitiam
866 2254 936 2325 Dei
956 2254 1225 2348 cognovillent,
1242 2279 1309 2326 nou

237 2356 321 2452 ficut
341 2358 445 2424 Deum
463 2355 771 2444 magnificaverunt,
786 2371 846 2424 out
859 2358 983 2444 gratius
1001 2371 1150 2445 egerunt,
1166 2356 1308 2438 sedena*

101 2445 116 2454 ⁸
244 2471 392 2524 nuarunt
414 2458 452 2523 in
473 2453 716 2546 cogitationibur
736 2453 825 2540 suis,
852 2452 1019 2525 conversi
1044 2452 1088 2523 ad
1111 2453 1234 2537 idola;
1273 2455 1312 2530 ἀ·

244 2558 382 2625 decentes
398 2554 433 2643 se
450 2550 506 2646 effe
525 2548 704 2648 stipienter',
720 2554 818 2649 stulti
833 2551 921 2643 laidi
940 2552 1044 2641 sunt,
1071 2553 1153 2642 quia
1174 2576 1309 2623 commu·

243 2671 402 2744 taverunt
415 2655 552 2748 gloriam
572 2655 822 2749 incorruptibilis
844 2657 908 2728 Dei
922 2657 960 2722 iu
973 2653 1208 2747 fimilitudinem
1226 2658 1308 2750 ima.

137 2777 140 2786 ·
219 2799 221 2804 -
240 2762 328 2852 ginis
344 2747 513 2842 hominis,
530 2756 569 2829 (5
588 2757 773 2840 volucrum,
799 2753 838 2829 (Ἰ
857 2755 1106 2849 quadrupedum,
1134 2751 1171 2827 (5
1183 2756 1309 2848 serpan-

242 2866 338 2932 rium.
372 2853 412 2927 ln
430 2855 559 2946 quibus
574 2855 681 2925 etiam
697 2853 770 2926 hoc
788 2852 946 2926 ostendit
965 2851 1186 2943 Apostolus,
1207 2852 1307 2939 quod

195 3023 199 3050 ,
243 2978 286 3030 ea
303 2956 467 3047 quidem,
494 2973 571 3043 quae
586 2953 630 3024 ad
643 2950 817 3046 sapientes
832 2949 945 3024 saculi
960 2950 1004 3022 de
1017 2952 1178 3022 veritatis
1195 2948 1308 3026 scien·
1330 2949 1337 2960 '

241 3059 291 3134 tia
317 3068 586 3149 pervenerunt,
621 3051 706 3124 Deo
732 3051 919 3124 revolante
943 3066 1213 3142 pervenerunt:
1249 3050 1318 3125 sed¹

241 3158 325 3231 dum
350 3167 411 3226 aut
433 3173 536 3225 vanae
556 3152 679 3249 gloriae
700 3148 861 3239 student,
889 3165 958 3230 aut
971 3149 1158 3221 adulantur
1176 3152 1308 3222 errori-

239 3260 307 3332 b'us
326 3250 496 3344 vetustis,
523 3268 584 3325 aut
605 3265 704 3324 metu
720 3251 920 3343 principum
935 3252 1184 3341 refrenantur,
1212 3250 1309 3324 dam·

115 3375 123 3382 ‘
238 3356 398 3432 nationis
414 3349 481 3426 suaa
496 3351 557 3445 ipsi
568 3351 706 3443 judices
725 3347 837 3439 fiunt3
856 3373 876 3421 a
893 3352 1020 3440 quibus
1037 3348 1185 3434 veritas,
1200 3368 1307 3439 quarn

140 3529 142 3534 .
240 3457 326 3530 Deo
352 3455 541 3526 revelante
570 3465 847 3547 cognoverant,
883 3466 944 3520 aut
972 3448 1112 3522 exclusa
1139 3450 1306 3524 libertate
1329 3446 1331 3450 ’

213 3565 215 3570 ’
234 3555 468 3649 contegitur,
495 3565 558 3623 aut
582 3550 762 3644 gestorum
785 3551 974 3641 iniquitate
991 3549 1198 3643 denegatur.
1250 3544 1306 3623 lta

240 3678 329 3753 ergo
347 3653 417 3725 Dei
438 3652 488 3722 ira
502 3651 647 3740 videtur
667 3650 843 3722 interdum
867 3654 980 3721 virtus
997 3646 1090 3740 ipsa,
1117 3667 1194 3735 quae
1216 3669 1305 3740 prar-
1338 3665 1340 3670 ’

240 3754 291 3829 est
310 3753 491 3848 nonarum
508 3746 694 3840 ministris,
721 3749 846 3839 &quae
867 3750 1035 3840 supplicia
1050 3744 1161 3820 infert
1178 3769 1305 3839 pecca·

238 3856 403 3945 toribus,
428 3849 520 3924 dici:
546 3848 636 3922 ficut
657 3847 843 3945 significari
866 3848 1029 3919 existimo
1051 3849 1086 3919 in
1108 3868 1177 3939 eo,
1204 3847 1304 3936 quod

235 3954 416 4047 refertur,
441 3951 525 4045 quia
540 3949 593 4024 ira
612 3948 682 4023 Dei
703 3964 957 4054 commoverat
974 3948 1123 4044 David,
1147 3961 1188 4021 ut
1201 3948 1305 4037 jube

1198 4060 1256 4121 ret
