2825 4559
189 277 284 409 '404
373 270 1129 430 ⁴ontutnnsconrnnn‘rntt'
1193 329 1198 344 ¹

208 479 378 576 sapientia
393 478 463 552 Dei
479 459 631 551 lucidius
650 479 882 573 explanatur:
906 484 1201 574 predicationum
1219 510 1288 565 ve·

208 584 360 664 rbhunc,
377 576 469 671 eise,
496 579 634 684 deque
660 580 747 652 dicit
765 580 968 674 Propheta,
995 587 1076 676 quia
1102 593 1288 660 iri-omnem

209 703 331 758 terram
350 683 457 750 exivit
468 677 709 766 sontneorum:
741 681 777 753 in
800 701 868 772 qua
891 680 1026 755 scilicet
1049 685 1196 778 fimplex
1220 709 1286 762 nn-

207 782 397 860 nuntiatio
421 775 472 852 est
492 776 597 871 fidei,
624 778 951 873 &simplicioribus
972 785 1176 876 quibusque
1189 786 1286 861 suffi-

169 931 172 936 -
207 879 320 958 ciens.
363 879 434 956 Sed
452 877 485 950 &
505 879 587 962 tlibi
605 878 651 951 de
668 875 858 973 semetipso
875 882 986 975 dicit,
1014 888 1095 974 quia
1112 885 1153 959 stt
1168 891 1299 984 prati.

171 997 174 1002 ’
205 993 319 1074 ςαίονῑ
336 987 375 1057 U
394 978 580 1075 Ansium,-
599 979 638 1055 Θ
658 979 800 1078 mugifler
819 984 983 1052 Gentium.
1021 984 1063 1055 ln
1082 1005 1155 1075 quo
1173 985 1281 1079 Apo·

158 1087 165 1102 '
197 1082 317 1159 -stolut
335 1081 476 1173 quidem
493 1081 660 1175 generale
675 1079 810 1152 indicat
825 1100 960 1156 nomen
981 1081 1110 1165 officii,
1126 1086 1185 1175 qui
1202 1106 1282 1162 non

203 1182 320 1257 solunt
336 1181 529 1275 predicet,
552 1178 612 1251 sed
628 1177 662 1250 bt
679 1181 833 1253 doceatz
859 1184 1031 1273 predicet
1048 1183 1189 1274 quidem
1203 1185 1284 1260 fim-

122 1359 124 1364 ,
201 1285 335 1378 plicent
350 1277 481 1369 iidem,
508 1292 549 1350 ut
563 1279 653 1370 illie,
672 1279 801 1370 quibus
818 1282 888 1354 eit:
915 1283 1018 1354 Nihil
1035 1288 1119 1353 mim
1129 1288 1282 1381 judicavi

121 1373 123 1380 ⁴
200 1407 249 1453 me
263 1384 343 1470 scire
361 1380 447 1449 inter
463 1401 537 1463 uns,
561 1379 624 1474 nist
644 1380 756 1476 Jesum
775 1381 953 1477 Chriflum,
979 1383 1017 1457 b
1040 1384 1128 1453 hunc
1152 1391 1279 1477 crucifi-

199 1507 294 1554 xum:
327 1479 459 1554 doceat
484 1489 577 1550 verb
603 1499 689 1570 eoe,
717 1481 845 1571 quibus
871 1481 1035 1556 dicebat:
1070 1487 1273 1577 Sapientiam

198 1599 303 1656 autem
321 1582 478 1674 loquimur
499 1584 586 1649 inter
606 1578 771 1672 perfeiios.
825 1582 866 1654 ln
894 1584 1022 1673 quibus
1049 1580 1273 1678 ostenditur,

96 1755 98 1764 .
198 1679 299 1774 quod
322 1678 391 1751 iliis
415 1678 558 1771 quidem
583 1676 709 1753 sonunt
728 1680 994 1771 predicationis
1014 1684 1189 1774 protulit:
1218 1684 1275 1759 hie

197 1798 294 1855 veru
320 1777 526 1871 sapientium
554 1776 621 1851 Dei
649 1789 715 1872 p'er
741 1780 855 1852 verbe
881 1779 1050 1856 disseruit.
1103 1786 1173 1853 Sei.
1189 1786 1276 1855 uico:

172 1953 176 1962 ,
195 1868 367 1976 Numquid
386 1878 483 1966 Israel
498 1901 563 1950 nun
581 1874 753 1969 cognovit?
778 1876 913 1953 Primus
932 1883 1059 1975 Moyses
1075 1883 1176 1953 dicit.-
1199 1886 1275 1978 'Ego

194 1982 236 2053 ad
253 1982 480 2060 aemuiutionem
492 2001 548 2045 uus
566 1978 714 2054 adducam
730 1983 768 2047 in
782 1995 1006 2069 nungentum,
1033 1986 1205 2076 ingentem
1222 1991 1275 2055 in·

188 2081 370 2173 sensutnmt
400 2082 437 2156 in
457 2081 540 2147 irum
558 2101 613 2145 uus
630 2080 789 2154 inducam.
812 2080 968 2152 Videtur
988 2100 1049 2174 ea,
1076 2101 1153 2172 quae
1169 2080 1272 2176 supe·

98 2179 102 2194 ¹
192 2179 396 2271 nutriuit,
425 2176 470 2249 de
493 2173 671 2250 Gentibus
698 2179 937 2271 prolocutus3
964 2199 1061 2251 nunc
1085 2201 1201 2269 vero,
1231 2196 1274 2257 ut

105 2299 115 2324 ’
192 2276 255 2354 stbi
281 2279 392 2351 morit
415 2276 486 2366 est,
513 2276 620 2350 etium
648 2278 693 2349 de
719 2276 824 2351 lsrael
849 2276 1080 2373 subjungere:
1107 2281 1140 2352 ἀ
1167 2286 1271 2375 vuit,

192 2380 292 2470 quod
308 2376 558 2451 inexcusabilis
574 2374 615 2449 fit
635 2375 755 2470 lsrael,
772 2375 919 2450 testibus
938 2379 1079 2452 idoneis
1098 2400 1273 2473 compro·

190 2479 288 2553 bare.
342 2474 443 2570 lpse,
469 2476 606 2568 inquit,
633 2467 784 2568 Moyses
806 2476 899 2550 dicit
919 2499 964 2550 ex
991 2478 1143 2573 persona
1170 2480 1265 2556 Dei:

192 2577 260 2673 Egu
276 2579 316 2648 uti
330 2579 558 2647 emulationem
573 2599 629 2645 uos
644 2580 792 2649 adiutam
809 2583 846 2645 in
861 2603 927 2647 nun
938 2594 1081 2669 gentem:
1108 2578 1266 2654 decini-

188 2676 307 2752 stianit
327 2675 401 2750 fine
419 2677 529 2749 dubio
547 2674 687 2749 dicens,
716 2677 775 2768 qui
792 2698 811 2747 a
827 2674 911 2750 Deo
935 2676 978 2748 nd
996 2679 1266 2755 emulationem

187 2779 320 2870 prioris
337 2775 460 2868 popuii
477 2774 651 2846 increduli
663 2774 695 2847 bt
706 2776 1261 2870 contemptoris-assumptisunt.

185 2876 257 2949 Sed
281 2873 445 2946 videatur
467 2869 617 2945 fortniits
645 2889 789 2969 gentem
817 2896 836 2947 n
862 2876 946 2948 Deo
971 2873 1053 2949 fidei
1075 2877 1207 2952 merito
1226 2880 1263 2952 bt

187 2974 400 3048 devotionis
427 2970 573 3044 clettam
602 2970 750 3065 Moyses
766 2970 768 2976 ’
784 2974 986 3068 injuriofiut
1014 2976 1264 3072 cumpeilass'e,

186 3095 268 3147 cum
287 3072 392 3145 dicit:
422 3074 462 3143 In
480 3095 547 3140 non
562 3089 704 3163 gentem,
732 3073 831 3145 &ita
847 3075 947 3146 nihili
966 3074 1112 3166 ducere,
1128 3091 1170 3149 ut
1186 3099 1261 3154 nec

109 3165 114 3184 ¹
184 3188 331 3272 gentem
354 3191 430 3245 enm
447 3168 828 3265 appelleredignetu13
854 3185 916 3246 aut
935 3175 957 3246 n
977 3176 1152 3268 appellet,
1179 3179 1261 3253 insu·

181 3277 342 3369 pientetn
366 3272 562 3385 nominate.
615 3271 686 3345 Sed
709 3285 786 3344 non
806 3268 858 3343 est
878 3272 1068 3387 iniuriosus
1088 3277 1255 3372 Moyses,

179 3368 1256 3567 iitttttititnttt,‘iitstntit{tiit

178 3569 535 3664 Unaquaequegene‚
564 3571 667 3643 verbi
684 3566 807 3661 causa,
834 3567 1250 3667 AEgyptiorum‚tut8y·

177 3689 317 3749 torum,
336 3684 396 3742 eut
413 3668 682 3759 Moabitarum,
710 3689 778 3762 pro
796 3690 865 3758 eo,
892 3674 990 3762 quud
1006 3675 1162 3767 propriis
1178 3688 1250 3747 ter·

177 3771 303 3843 minis,
325 3769 513 3864 bilingue,
541 3767 733 3857 &babitn,
762 3768 972 3842 &moribus
988 3772 1250 3863 utqueinstitu·

175 3871 222 3941 tit
238 3866 468 3957 discernit-ur,
494 3887 581 3961 gent
596 3869 653 3938 illa
666 3871 732 3940 ⁴vel
748 3868 807 3939 iile
825 3870 1044 3960 appellatur:
1074 3873 1109 3945 bt
1125 3862 1250 3965 neque

168 3967 272 4064 Syri,
298 3963 465 4066 AEgyptii
490 3966 682 4062 aliquando
709 3968 894 4043 dicuntur:
919 3990 1037 4063 neque
1053 3970 1244 4070 Moabitu,

658 4095 665 4102 ·
1110 4071 1190 4147 idu-
