2825 4559
229 335 288 416 ru
312 320 593 411 trisn‘nn
616 311 844 410 nonnil.
870 332 975 414 ΜΒ.
1003 315 1055 413 rr.
1110 323 1183 428 ως

122 495 581 588 Δυσί-ἱυ-ἀοωυω·9ινὶά-,
594 495 982 589 primeejuena'tivitr'r
994 496 1180 592 &primur

121 598 258 678 nunus
272 599 513 692 extinguitur,
536 596 578 674 ut
592 594 744 672 secunda
761 598 934 692 progenie
948 615 1012 670 rex
1033 599 1078 668 de
1096 597 1181 670 alie·

122 703 255 796 nigena
275 697 410 790 sapiens
424 692 654 780 nasceretun
694 693 763 768 Sed
787 695 934 792 longum
953 694 1025 789 est,
1050 695 1182 771 horum

124 799 259 896 figuras
274 797 309 869 dr
321 798 509 892 enigmata·
520 791 693 890 persequi.
744 793 838 870 illud
854 809 995 886 temen,
1022 796 1122 887 quod
1138 793 1184 872 ad

123 909 202 980 rem
220 895 397 991 pertinet,
422 895 582 968 breviter
595 889 862 990 prosequemur.
913 891 1028 985 Cum,
1053 895 1185 987 inquit,

124 998 240 1074 multa
255 993 425 1068 subtiliter
439 991 482 1066 fit
497 994 535 1068 in
548 981 725 1069 v'rrietate
739 987 928 1088 setiam,
946 992 980 1066 dr
995 996 1054 1087 qui
1067 991 1185 1070 sensue

126 1093 321 1188 secondum
337 1091 454 1166 Deum
469 1090 528 1180 iit,
548 1094 715 1184 quivero
731 1094 868 1170 alienu'e
880 1115 901 1170 a
913 1092 998 1169 Deo
1012 1095 1050 1168 in
1061 1089 1187 1168 tratia-

126 1193 290 1268 tionibur
309 1193 343 1267 ἀ
360 1190 655 1285 disputationibus
671 1189 901 1287 sapientium,
925 1194 1055 1268 nullius
1068 1191 1110 1265 srt
1125 1189 1187 1268 sci·

127 1315 168 1368 re
185 1297 247 1365 vel
260 1294 432 1384 iudicare,
446 1290 508 1365 niti
525 1289 634 1365 soliue
650 1293 742 1385 Dei,
769 1292 827 1385 qui
843 1290 939 1368 solua
952 1289 1073 1388 potest
1088 1311 1188 1368 com·

128 1393 352 1489 prehendere
367 1395 404 1464 in
422 1387 545 1464 astutia
560 1389 637 1463 sua:
664 1392 749 1465 ideo
766 1395 829 1461 nli
836 1392 897 1480 soli
909 1397 1051 1487 pacuvi,
1067 1393 1105 1468 σ
1121 1417 1188 1463 ma·

131 1497 200 1563 ium
212 1515 313 1564 enam
326 1509 359 1568 re
367 1491 453 1583 faci,
478 1491 561 1582 quia
575 1491 854 1581 eeteriomner‚
872 1503 1004 1585 utpote
1017 1494 1188 1570 animalee

131 1592 320 1682 hominen,
342 1613 418 1683 me,
443 1589 504 1679 qui
519 1588 679 1682 spiritalia
694 1587 793 1685 sum,
818 1589 950 1666 etiamn
975 1596 1113 1688 erravi,
1138 1594 1189 1672 di·

130 1690 291 1787 judicare
308 1711 384 1766 non
400 1685 563 1784 poliuntt
588 1689 670 1781 quia
684 1691 843 1788 spiritali
852 1694 978 1786 judicat
993 1701 1109 1784 amnia,
1127 1687 1190 1794 ipsa

132 1793 605 1983 nuntiique„
621 1787 1191 1978 sedilliti,

134 1943 249 2082 ruins
266 1917 459 2082 doleri,
483 1989 582 2081 quod
604 1913 699 2062 dnus
724 1942 899 2065 oudinus
919 1988 993 2084 en,
1019 1913 1192 2092 {uindic-

135 2093 247 2166 talern
264 2090 452 2186 dijudicat,
477 2088 540 2161 vel
557 2086 794 2181 Propheta,
819 2088 956 2165 idcirco
981 2091 1087 2168 dicit:
1115 2091 1194 2167 nili

130 2194 193 2286 soli
207 2195 351 2286 peccavi,
374 2211 395 2262 a
413 2199 486 2278 quo
502 2185 580 2258 solo
594 2185 731 2278 possum
745 2187 938 2281 dijudicari.
961 2187 1055 2267 Nam
1073 2193 1195 2272 hurda-

137 2313 185 2368 na
203 2290 279 2364 dier
295 2290 485 2382 dijudicare
498 2302 576 2359 non
593 2285 713 2376 potest
731 2285 929 2382 spiritalem.
955 2287 1076 2368 Sed&
1093 2291 1194 2387 quod

139 2390 308 2484 sequitur,
325 2389 476 2461 adhunc
491 2382 630 2476 respicit
645 2384 797 2462 sensum:
830 2391 876 2461 Ur
886 2389 1065 2486 juflqioris
1080 2399 1118 2464 in
1126 2391 1196 2485 sm

141 2491 283 2565 monibus
305 2493 389 2575 ruis,
413 2484 453 2562 (Ἰ
466 2488 579 2554 ulmae
597 2507 664 2554 carm
679 2489 841 2588 judicaris.
890 2488 1074 2583 ludicatur
1096 2513 1196 2572 nm·

143 2612 213 2687 que
228 2589 328 2664 Deus
345 2590 381 2660 in
398 2583 693 2679 disputationibus
710 2586 932 2679 sapientium,
950 2586 1032 2665 dum
1051 2592 1107 2664 alii
1120 2591 1196 2670 hoe

143 2689 283 2780 modo,
308 2689 366 2760 alii
388 2687 481 2775 alio,
508 2683 541 2753 dr
565 2681 702 2757 diverse
722 2685 845 2779 singuli
869 2684 915 2760 de
928 2684 1014 2762 Deo
1030 2687 1197 2768 sentiunt.

143 2789 223 2887 ipse
245 2807 338 2860 vero
357 2787 475 2859 ‘vincit
492 2800 578 2875 eor,
610 2783 738 2875 quide
764 2781 800 2857 se
818 2783 1003 2882 judicant,
1036 2807 1117 2865 eum
1143 2781 1199 2864 er'·

144 2890 306 2963 rantibus
333 2884 466 2980 nuntiis
492 2879 585 2956 suam
610 2885 656 2956 de
680 2881 739 2977 se,
764 2883 951 2975 quomodo
970 2887 1030 2961 vel
1046 2891 1200 2981 qualiter

147 2987 345 3065 'eredendur
361 3005 402 3057 ac
415 2980 638 3058 venerandus
650 2980 716 3077 tit,
736 2983 878 3058 revelat
891 2981 964 3082 ipse
978 2984 1205 3068 sententiaru-¹

147 3088 217 3164 Sed
241 3083 385 3159 sufficiat
404 3075 583 3174 hueusque
606 3081 714 3175 spatia
737 3079 880 3157 secundi
905 3085 1099 3162 voluminis
1127 3085 1199 3163 esse

149 3183 333 3286 prudntia.
355 3182 489 3258 Nescio
506 3193 580 3273 qno
595 3182 726 3256 etenim
743 3178 868 3273 padio,
885 3181 968 3261 dum
983 3186 1082 3281 piget
1094 3189 1200 3262 ornit-

150 3303 241 3376 tere,
256 3285 283 3360 n
297 3304 366 3377 qua
380 3281 620 3376 explanationi
634 3279 825 3356 necessarie
838 3277 1080 3381 suggeruntur,
1097 3285 1200 3359 evol·

150 3391 271 3464 vimur
295 3405 316 3456 a
340 3385 536 3456 brevitate:
562 3399 686 3474 quam,
712 3379 810 3454 iiree
829 3395 1031 3475 pateretur,
1056 3382 1200 3466 lediorie

148 3487 293 3568 fastidio
306 3481 532 3560 consulentes
547 3497 766 3578 magnopere
781 3479 923 3564 fervere
938 3499 1161 3584 cuperentur.
