2825 4559
80 288 82 297 ‘
210 366 282 452 458
371 348 1115 475 unmecht-commentia&
1189 374 1193 379 '

123 610 134 625 Ι
212 527 345 602 habere
363 542 612 609 communem,
638 521 673 595 δι
697 522 890 598 meminisse
916 524 1116 605 saniiorum
1143 529 1223 605 srve
1247 534 1284 610 in

213 624 373 701 collectis
390 625 659 714 communibus,
684 620 759 695 hv'e
774 644 842 717 pro
858 645 918 718 eo,
938 642 980 699 ut
993 650 1037 700 ex
1053 632 1289 707 recordatio-³

212 746 261 803 ne
277 745 404 799 eorum
420 722 669 818 proficiemus,
697 734 818 813 aptum
834 726 1108 821 &convenient
1124 732 1282 810 videtur.

294 847 348 919 ¹3·
385 827 636 916 Hospitalitatem
654 820 817 900 iotario.
869 828 1283 925 Quamdignehospite·

206 929 345 1003 litatem
366 924 525 998 setlantir
544 918 822 998 munificentiam
838 944 914 998 uno
930 927 1095 1002 sermone
1115 950 1283 1024 compre·

205 1027 355 1104 hendit!
385 1026 518 1097 Dicens
536 1027 653 1115 enim,
680 1022 875 1098 sectandam
892 1024 962 1100 esse
979 1027 1279 1126 hospitalitatem,

208 1138 286 1205 non
306 1126 392 1197 illud
410 1125 521 1199 solum
534 1122 714 1215 sostendit,
732 1138 771 1197 ut
788 1128 992 1201 venientem
1012 1131 1054 1201 ed
1073 1150 1146 1224 noe¹
1164 1130 1280 1226 hospi·

211 1241 284 1300 tem
304 1226 546 1317 suscipiamur,
575 1223 631 1296 sed
648 1223 681 1295 dr
697 1225 930 1318 requiramus,
948 1227 981 1298 dr
998 1225 1147 1303 solliciti
1163 1228 1280 1315 srmue,
1322 1246 1327 1325 ,i

210 1330 245 1415 dr
262 1327 451 1411 setlemur,
469 1346 508 1396 ac
524 1324 767 1415 perquiramus
785 1327 917 1417 ubique
934 1326 1117 1421 hospites,
1146 1328 1279 1406 necubi
1322 1332 1325 1419 ξ

207 1428 307 1504 forte
322 1434 359 1500 in
375 1428 498 1519 plateis
514 1424 680 1515 sedeant,
704 1445 752 1497 ne
769 1442 868 1499 extre
883 1426 1014 1500 tedium
1031 1428 1195 1525 jaceant.
1210 1431 1278 1505 Re·

112 1592 117 1606 „
209 1531 363 1601 cordare
382 1525 474 1609 Lot,
502 1526 735 1607 &lonensem
761 1526 859 1615 quod
881 1546 955 1599 non
980 1529 1079 1602 illum
1102 1528 1278 1622 hospites,

118 1678 123 1689 =
209 1628 269 1702 sed
287 1624 361 1721 ipse
377 1622 550 1718 quesierit
564 1624 741 1721 hospites:
768 1625 976 1701 &hocerat
993 1626 1276 1723 hospitalitatem

206 1727 338 1807 scitari

115 1834 118 1839 ’
222 1846 225 1851 ·
289 1851 344 1916 14.
374 1824 560 1902 Benedicite
570 1824 826 1921 persequentibus
841 1849 917 1896 eros:
942 1826 1133 1916 benedicite,
1161 1830 1203 1909 U
1225 1856 1273 1903 nt·
1336 1867 1340 1916 ,¹

208 1930 268 2002 lire
282 1929 468 1998 mirlednerr.
503 1925 681 1997 Moralem
700 1928 819 2001 locum
835 1926 940 1999 letius
957 1925 1164 2021 Apostolus
1184 1930 1284 2007 exse.
1309 1986 1311 2001 .
1330 1963 1340 2037 g

207 2050 346 2119 quens,
375 2024 491 2107 attus,
518 2038 695 2102 mentem,
720 2025 965 2119 propositum,
992 2047 1034 2102 os
1057 2048 1211 2123 quoque
1227 2035 1272 2125 ip
1329 2065 1340 2138 g

205 2126 280 2205 sirm
297 2125 547 2219 discipulorum
569 2120 797 2219 linguamque
821 2129 1021 2218 componit.
1073 2126 1171 2204 Non
1199 2135 1272 2206 vult
1327 2154 1340 2215 i

207 2227 398 2303 eredentes
424 2221 566 2298 Christo
593 2224 638 2295 de
665 2245 731 2297 ore
756 2224 819 2297 suo
844 2226 1007 2317 proferre
1032 2229 1277 2326 maledictum,
1304 2263 1340 2331 ,t

120 2410 124 2417 ,
203 2330 265 2407 sed
292 2332 385 2401 bene
412 2327 536 2416 loqui,
561 2325 654 2397 bene
679 2326 823 2417 dicere,
850 2329 943 2400 bene
969 2329 1129 2421 precari,
1165 2346 1208 2405 ut
1232 2353 1271 2405 er
1302 2338 1338 2449 ir

204 2432 280 2505 hoc
300 2428 435 2501 &boni
453 2425 588 2498 domini
609 2422 723 2518 servi,
751 2425 783 2498 dr
803 2426 1060 2522 borrimagistri
1080 2432 1271 2506 credantur
1301 2464 1304 2515 t
1330 2468 1340 2515 a

205 2526 277 2604 esse
297 2527 467 2617 discipuli.
512 2523 702 2598 Sciendum
724 2539 844 2599 tamen
863 2524 934 2617 est,
962 2529 1062 2615 quod
1079 2525 1201 2606 sermo
1217 2534 1269 2607 hic
1328 2564 1340 2614 ι

203 2628 467 2719 heneditlionie
490 2627 526 2699 in
542 2623 735 2716 Scripturis
760 2624 899 2699 diverse
916 2626 1052 2718 positus
1071 2629 1267 2707 invenitur.
1301 2644 1304 2727 Ι
1326 2665 1340 2734 q

204 2730 301 2807 Nam
326 2728 361 2801 dt
389 2727 488 2800 Deus
513 2726 729 2799 benedicere
753 2728 813 2798 vel
834 2727 1020 2819 homines,
1054 2731 1119 2803 vel
1143 2748 1268 2807 cetera
1301 2730 1337 2815 lr

205 2842 288 2923 quer¹
307 2841 514 2914 creaverat,
538 2828 746 2906 inveniunt
773 2824 806 2897 dr
832 2826 1015 2915 hominen,
1041 2830 1105 2903 vel
1134 2847 1275 2908 cetere·
1324 2843 1340 2917 s

203 2944 377 3004 creature
395 2928 513 3000 Deum
529 2924 747 2997 benedicere
761 2926 942 3018 iubentur.
985 2924 1054 3001 Sed
1075 2928 1269 3008 Dei-bene·
1324 2945 1340 3017 d

202 3029 314 3106 diurn
336 3026 466 3120 aliquid
488 3027 643 3100 muneris
663 3022 800 3118 semper
824 3027 897 3111 his,
925 3029 983 3120 qui
1001 3030 1044 3099 ab
1061 3050 1109 3104 eo
1126 3026 1269 3107 benedi·
1324 3072 1340 3115 o

204 3124 360 3218 cuntur,
382 3128 562 3221 impertite
587 3126 752 3199 homines
777 3145 870 3200 vero
893 3125 1010 3200 Deum
1034 3129 1267 3228 benedicere,
1326 3166 1340 3237 ς

203 3244 276 3325 p‘ro
291 3228 486 3323 eo,1quud
501 3225 552 3301 est
566 3227 710 3300 laudare
727 3225 760 3297 dt
775 3227 903 3322 gratiae
918 3226 1065 3319 referre,
1088 3230 1267 3311 dicuntur.
1325 3265 1340 3315 ι

202 3332 276 3417 Hic
291 3347 410 3407 tamen
430 3326 628 3425 Apostolus
646 3327 787 3409 dicens,
814 3329 1009 3411 Benedictio,
1035 3330 1076 3405 dr
1090 3332 1193 3405 nolite
1207 3359 1267 3403 ma·
1323 3347 1340 3420 q

202 3440 349 3516 itiitere,
375 3429 467 3522 quast
484 3450 563 3500 cum
581 3445 828 3521 provocemur
843 3429 887 3501 ab
904 3428 1077 3522 inimicis,
1100 3433 1168 3505 'vel
1189 3454 1273 3505 cum
1324 3467 1340 3516 r

200 3537 404 3633 instigamur
434 3529 593 3620 injuriis,
621 3538 768 3619 monet,
794 3547 841 3600 ne
861 3548 930 3622 pro
948 3525 1267 3607 malediiiir'male
1301 3534 1303 3599 ζ
1331 3544 1340 3619 j

197 3636 291 3713 meta
304 3633 516 3717 reddamut3
543 3627 601 3701 sed
619 3628 909 3720 faciamus,quod
929 3626 1000 3721 ipse
1017 3631 1062 3703 de
1078 3629 1266 3729 semetipso
1301 3656 1303 3687 =
1335 3672 1340 3738 2

197 3738 344 3831 scribit,
369 3735 430 3807 ubi
450 3732 556 3805 dicit:
584 3731 829 3815 Maledicimur,
853 3725 892 3804 (Ἰ
909 3727 1128 3803 benedicimini.

211 3848 220 3893 ³
275 3858 331 3929 15.
355 3835 501 3909 Gaudere
531 3853 600 3900 cum
628 3829 855 3924 gaudentibus,
889 3827 968 3923 flere
1000 3856 1069 3903 cunr
1093 3830 1261 3929 flentibus.

192 3936 374 4021 Habenda
396 3933 449 4008 est
471 3931 578 4005 etiam
605 3930 643 4003 in
668 3929 743 4002 hoc
767 3943 979 4021 competens
997 3930 1031 4003 dt
1047 3947 1131 4025 apta
1149 3930 1262 4005 distin·
1338 3967 1340 3986 =

131 4068 134 4072 ·
181 4044 271 4129 aio.
307 4038 405 4125 Non
422 4035 524 4120 enim
539 4030 823 4134 quihuicumque
836 4029 969 4128 gaudiis
984 4028 1261 4225 emistwm
1300 4046 1340 4297 k
