<?xml version="1.0" encoding="UTF-8"?>
<!DOCTYPE html PUBLIC "-//W3C//DTD XHTML 1.0 Transitional//EN"
    "http://www.w3.org/TR/xhtml1/DTD/xhtml1-transitional.dtd">
<html xmlns="http://www.w3.org/1999/xhtml" xml:lang="en" lang="en">
 <head>
  <title>
</title>
<meta http-equiv="Content-Type" content="text/html;charset=utf-8" />
  <meta name='ocr-system' content='tesseract 3.04.00' />
  <meta name='ocr-capabilities' content='ocr_page ocr_carea ocr_par ocr_line ocrx_word'/>
</head>
<body>
  <div class='ocr_page' id='page_1' title='image "./operaomniasanct12unkngoog_0289.png"; bbox 0 0 2825 4559; ppageno 0'>
   <div class='ocr_carea' id='block_1_1' title="bbox 232 269 1217 386">
    <p class='ocr_par' dir='ltr' id='par_1_1' title="bbox 232 269 1217 386">
     <span class='ocr_line' id='line_1_1' title="bbox 232 269 1217 386; baseline 0.003 -32"><span class='ocrx_word' id='word_1_1' title='bbox 232 276 308 367; x_wconf 80' lang='lat' dir='ltr'>··1N</span> <span class='ocrx_word' id='word_1_2' title='bbox 334 269 993 386; x_wconf 76' lang='lat' dir='ltr'>ters‘r.aDROMAN.1.1u</span> <span class='ocrx_word' id='word_1_3' title='bbox 1020 279 1093 380; x_wconf 81' lang='lat' dir='ltr'>VI.</span> <span class='ocrx_word' id='word_1_4' title='bbox 1147 299 1217 375; x_wconf 72' lang='grc' dir='ltr'>ης</span> 
     </span>
    </p>
   </div>
   <div class='ocr_carea' id='block_1_2' title="bbox 95 437 1319 3637">
    <p class='ocr_par' dir='ltr' id='par_1_2' title="bbox 110 437 1319 933">
     <span class='ocr_line' id='line_1_2' title="bbox 110 437 1216 536; baseline -0.002 -20"><span class='ocrx_word' id='word_1_5' title='bbox 110 453 116 466; x_wconf 85' lang='grc'><em>’</em></span> <span class='ocrx_word' id='word_1_6' title='bbox 148 441 205 516; x_wconf 83' lang='lat' dir='ltr'>lua</span> <span class='ocrx_word' id='word_1_7' title='bbox 221 441 267 515; x_wconf 87' lang='lat' dir='ltr'>de</span> <span class='ocrx_word' id='word_1_8' title='bbox 283 438 457 532; x_wconf 79' lang='lat' dir='ltr'>quodamt</span> <span class='ocrx_word' id='word_1_9' title='bbox 487 437 638 534; x_wconf 59' lang='lat' dir='ltr'>etesiae,</span> <span class='ocrx_word' id='word_1_10' title='bbox 658 438 797 530; x_wconf 81' lang='lat' dir='ltr'>inquit,</span> <span class='ocrx_word' id='word_1_11' title='bbox 823 437 1091 536; x_wconf 67' lang='lat' dir='ltr'>inflarmasensu</span> <span class='ocrx_word' id='word_1_12' title='bbox 1105 447 1216 514; x_wconf 81' lang='lat' dir='ltr'>camir</span> 
     </span>
     <span class='ocr_line' id='line_1_3' title="bbox 145 535 1319 636; baseline 0.007 -27"><span class='ocrx_word' id='word_1_13' title='bbox 145 543 226 633; x_wconf 78' lang='lat' dir='ltr'>sua,</span> <span class='ocrx_word' id='word_1_14' title='bbox 253 544 289 618; x_wconf 76' lang='lat' dir='ltr'><strong>o</strong></span> <span class='ocrx_word' id='word_1_15' title='bbox 308 566 372 610; x_wconf 79' lang='lat' dir='ltr'>aon</span> <span class='ocrx_word' id='word_1_16' title='bbox 386 557 498 610; x_wconf 79' lang='lat' dir='ltr'>ranem</span> <span class='ocrx_word' id='word_1_17' title='bbox 514 555 617 634; x_wconf 80' lang='lat' dir='ltr'>caput.</span> <span class='ocrx_word' id='word_1_18' title='bbox 651 535 740 610; x_wconf 86' lang='lat' dir='ltr'>Haec</span> <span class='ocrx_word' id='word_1_19' title='bbox 754 553 872 615; x_wconf 85' lang='lat' dir='ltr'>autem</span> <span class='ocrx_word' id='word_1_20' title='bbox 889 540 1060 636; x_wconf 84' lang='lat' dir='ltr'><strong>diximus,</strong></span> <span class='ocrx_word' id='word_1_21' title='bbox 1075 543 1128 616; x_wconf 83' lang='lat' dir='ltr'>‘ut</span> <span class='ocrx_word' id='word_1_22' title='bbox 1143 563 1213 622; x_wconf 86' lang='lat' dir='ltr'>ma·</span> <span class='ocrx_word' id='word_1_23' title='bbox 1310 581 1319 598; x_wconf 41' lang='grc' dir='ltr'>κ</span> 
     </span>
     <span class='ocr_line' id='line_1_4' title="bbox 145 631 1214 737; baseline -0.001 -20"><span class='ocrx_word' id='word_1_24' title='bbox 145 631 309 717; x_wconf 72' lang='lat' dir='ltr'>niieuior</span> <span class='ocrx_word' id='word_1_25' title='bbox 325 637 429 714; x_wconf 86' lang='lat' dir='ltr'>fieret</span> <span class='ocrx_word' id='word_1_26' title='bbox 443 636 656 729; x_wconf 72' lang='lat' dir='ltr'>intellectus,</span> <span class='ocrx_word' id='word_1_27' title='bbox 677 638 1068 731; x_wconf 84' lang='lat' dir='ltr'>quomodopeccatum</span> <span class='ocrx_word' id='word_1_28' title='bbox 1084 655 1214 737; x_wconf 85' lang='lat' dir='ltr'><strong>regnet</strong></span> 
     </span>
     <span class='ocr_line' id='line_1_5' title="bbox 144 737 1214 838; baseline 0.003 -25"><span class='ocrx_word' id='word_1_29' title='bbox 144 742 181 815; x_wconf 92' lang='lat' dir='ltr'>in</span> <span class='ocrx_word' id='word_1_30' title='bbox 200 751 371 835; x_wconf 82' lang='lat' dir='ltr'>c&#39;urpore.</span> <span class='ocrx_word' id='word_1_31' title='bbox 400 738 531 812; x_wconf 90' lang='lat' dir='ltr'>Omnia</span> <span class='ocrx_word' id='word_1_32' title='bbox 550 754 701 829; x_wconf 86' lang='lat' dir='ltr'>namque</span> <span class='ocrx_word' id='word_1_33' title='bbox 718 737 797 829; x_wconf 83' lang='lat' dir='ltr'>illa,</span> <span class='ocrx_word' id='word_1_34' title='bbox 825 757 903 830; x_wconf 83' lang='lat' dir='ltr'>quae</span> <span class='ocrx_word' id='word_1_35' title='bbox 919 737 1078 838; x_wconf 73' lang='lat' dir='ltr'>superine</span> <span class='ocrx_word' id='word_1_36' title='bbox 1099 761 1214 833; x_wconf 81' lang='lat' dir='ltr'>opera</span> 
     </span>
     <span class='ocr_line' id='line_1_6' title="bbox 147 837 1291 933; baseline 0.005 -21"><span class='ocrx_word' id='word_1_37' title='bbox 147 843 262 914; x_wconf 85' lang='lat' dir='ltr'>carnia</span> <span class='ocrx_word' id='word_1_38' title='bbox 280 838 349 914; x_wconf 80' lang='lat' dir='ltr'>effe</span> <span class='ocrx_word' id='word_1_39' title='bbox 368 840 671 927; x_wconf 82' lang='lat' dir='ltr'><strong>enumeravimus,</strong></span> <span class='ocrx_word' id='word_1_40' title='bbox 687 839 790 910; x_wconf 85' lang='lat' dir='ltr'>velut</span> <span class='ocrx_word' id='word_1_41' title='bbox 806 837 986 914; x_wconf 79' lang='lat' dir='ltr'>exercitus</span> <span class='ocrx_word' id='word_1_42' title='bbox 1005 842 1144 933; x_wconf 87' lang='lat' dir='ltr'>quidam</span> <span class='ocrx_word' id='word_1_43' title='bbox 1160 863 1215 919; x_wconf 85' lang='lat' dir='ltr'>ar·</span> <span class='ocrx_word' id='word_1_44' title='bbox 1283 840 1291 852; x_wconf 78' lang='grc'><em>“</em></span> 
     </span>
    </p>

    <p class='ocr_par' dir='ltr' id='par_1_3' title="bbox 95 932 1247 1436">
     <span class='ocr_line' id='line_1_7' title="bbox 95 932 1247 1037; baseline 0.003 -21"><span class='ocrx_word' id='word_1_45' title='bbox 95 955 115 974; x_wconf 66' lang='grc'><strong>“</strong></span> <span class='ocrx_word' id='word_1_46' title='bbox 144 956 261 1016; x_wconf 80' lang='lat' dir='ltr'>matus</span> <span class='ocrx_word' id='word_1_47' title='bbox 278 932 329 1013; x_wconf 87' lang='lat' dir='ltr'>est</span> <span class='ocrx_word' id='word_1_48' title='bbox 351 936 412 1011; x_wconf 89' lang='lat' dir='ltr'>sub</span> <span class='ocrx_word' id='word_1_49' title='bbox 432 938 505 1011; x_wconf 93' lang='lat' dir='ltr'>hoc</span> <span class='ocrx_word' id='word_1_50' title='bbox 521 957 604 1032; x_wconf 86' lang='lat' dir='ltr'>rege</span> <span class='ocrx_word' id='word_1_51' title='bbox 621 938 761 1032; x_wconf 84' lang='lat' dir='ltr'>peccati</span> <span class='ocrx_word' id='word_1_52' title='bbox 778 936 951 1029; x_wconf 83' lang='lat' dir='ltr'>militana,</span> <span class='ocrx_word' id='word_1_53' title='bbox 978 939 1011 1027; x_wconf 74' lang='lat' dir='ltr'>ut</span> <span class='ocrx_word' id='word_1_54' title='bbox 1038 943 1106 1037; x_wconf 85' lang='lat' dir='ltr'>legi</span> <span class='ocrx_word' id='word_1_55' title='bbox 1134 947 1211 1037; x_wconf 77' lang='lat' dir='ltr'>ejus</span> <span class='ocrx_word' id='word_1_56' title='bbox 1245 989 1247 994; x_wconf 93' lang='lat'>·</span> 
     </span>
     <span class='ocr_line' id='line_1_8' title="bbox 142 1034 1211 1136; baseline 0.006 -22"><span class='ocrx_word' id='word_1_57' title='bbox 142 1057 293 1136; x_wconf 80' lang='lat' dir='ltr'>parent,</span> <span class='ocrx_word' id='word_1_58' title='bbox 321 1055 399 1131; x_wconf 83' lang='lat' dir='ltr'>quae</span> <span class='ocrx_word' id='word_1_59' title='bbox 417 1037 636 1111; x_wconf 83' lang='lat' dir='ltr'>in‘membria</span> <span class='ocrx_word' id='word_1_60' title='bbox 652 1034 949 1127; x_wconf 83' lang='lat' dir='ltr'>carnisinscripta</span> <span class='ocrx_word' id='word_1_61' title='bbox 963 1039 1024 1114; x_wconf 88' lang='lat' dir='ltr'>est.</span> <span class='ocrx_word' id='word_1_62' title='bbox 1061 1042 1211 1121; x_wconf 88' lang='lat' dir='ltr'>Certum</span> 
     </span>
     <span class='ocr_line' id='line_1_9' title="bbox 144 1131 1209 1235; baseline 0.008 -21"><span class='ocrx_word' id='word_1_63' title='bbox 144 1140 194 1214; x_wconf 86' lang='lat' dir='ltr'>est</span> <span class='ocrx_word' id='word_1_64' title='bbox 214 1141 331 1223; x_wconf 88' lang='lat' dir='ltr'>enim,</span> <span class='ocrx_word' id='word_1_65' title='bbox 359 1137 440 1229; x_wconf 90' lang='lat' dir='ltr'>quia</span> <span class='ocrx_word' id='word_1_66' title='bbox 460 1153 504 1208; x_wconf 86' lang='lat' dir='ltr'>ex</span> <span class='ocrx_word' id='word_1_67' title='bbox 531 1155 601 1227; x_wconf 86' lang='lat' dir='ltr'>eo,</span> <span class='ocrx_word' id='word_1_68' title='bbox 624 1133 724 1226; x_wconf 86' lang='lat' dir='ltr'>quod</span> <span class='ocrx_word' id='word_1_69' title='bbox 749 1131 929 1210; x_wconf 76' lang='lat' dir='ltr'>desideriis</span> <span class='ocrx_word' id='word_1_70' title='bbox 955 1144 1096 1235; x_wconf 84' lang='lat' dir='ltr'>peccati</span> <span class='ocrx_word' id='word_1_71' title='bbox 1122 1167 1209 1222; x_wconf 87' lang='lat' dir='ltr'>caro</span> 
     </span>
     <span class='ocr_line' id='line_1_10' title="bbox 144 1233 1212 1343; baseline -0.007 -29"><span class='ocrx_word' id='word_1_72' title='bbox 144 1240 388 1315; x_wconf 82' lang='lat' dir='ltr'>obedientiam</span> <span class='ocrx_word' id='word_1_73' title='bbox 410 1237 570 1329; x_wconf 75' lang='lat' dir='ltr'>prebet,</span> <span class='ocrx_word' id='word_1_74' title='bbox 595 1233 829 1330; x_wconf 80' lang='lat' dir='ltr'>concupiscat</span> <span class='ocrx_word' id='word_1_75' title='bbox 853 1261 922 1308; x_wconf 80' lang='lat' dir='ltr'>cara</span> <span class='ocrx_word' id='word_1_76' title='bbox 943 1242 1093 1331; x_wconf 75' lang='lat' dir='ltr'>adversus</span> <span class='ocrx_word' id='word_1_77' title='bbox 1113 1247 1212 1343; x_wconf 73' lang='lat' dir='ltr'>spiri.</span> 
     </span>
     <span class='ocr_line' id='line_1_11' title="bbox 144 1334 1213 1436; baseline 0.002 -24"><span class='ocrx_word' id='word_1_78' title='bbox 144 1355 232 1425; x_wconf 85' lang='lat' dir='ltr'>tum,</span> <span class='ocrx_word' id='word_1_79' title='bbox 259 1336 296 1417; x_wconf 72' lang='lat'>(5</span> <span class='ocrx_word' id='word_1_80' title='bbox 311 1339 448 1436; x_wconf 72' lang='lat' dir='ltr'>[pirirus</span> <span class='ocrx_word' id='word_1_81' title='bbox 465 1336 615 1424; x_wconf 79' lang='lat' dir='ltr'>aduersus</span> <span class='ocrx_word' id='word_1_82' title='bbox 630 1357 774 1423; x_wconf 85' lang='lat' dir='ltr'>tarnem,</span> <span class='ocrx_word' id='word_1_83' title='bbox 800 1334 839 1411; x_wconf 64' lang='lat' dir='ltr'>(i</span> <span class='ocrx_word' id='word_1_84' title='bbox 855 1337 919 1407; x_wconf 78' lang='lat' dir='ltr'>hac</span> <span class='ocrx_word' id='word_1_85' title='bbox 928 1334 988 1434; x_wconf 71' lang='lat' dir='ltr'>fibi</span> <span class='ocrx_word' id='word_1_86' title='bbox 1002 1345 1145 1415; x_wconf 67' lang='lat' dir='ltr'>invicem</span> <span class='ocrx_word' id='word_1_87' title='bbox 1153 1348 1213 1421; x_wconf 84' lang='lat' dir='ltr'>ad·</span> 
     </span>
    </p>

    <p class='ocr_par' dir='ltr' id='par_1_4' title="bbox 107 1433 1214 2239">
     <span class='ocr_line' id='line_1_12' title="bbox 107 1433 1212 1532; baseline 0.014 -27"><span class='ocrx_word' id='word_1_88' title='bbox 107 1499 115 1505; x_wconf 72' lang='grc'>,</span> <span class='ocrx_word' id='word_1_89' title='bbox 142 1436 342 1532; x_wconf 59' lang='lat' dir='ltr'>versentur.</span> <span class='ocrx_word' id='word_1_90' title='bbox 393 1436 485 1510; x_wconf 87' lang='lat' dir='ltr'>illud</span> <span class='ocrx_word' id='word_1_91' title='bbox 505 1447 625 1510; x_wconf 84' lang='lat' dir='ltr'>tamen</span> <span class='ocrx_word' id='word_1_92' title='bbox 648 1433 818 1527; x_wconf 85' lang='lat' dir='ltr'>adverte,</span> <span class='ocrx_word' id='word_1_93' title='bbox 845 1438 944 1530; x_wconf 88' lang='lat' dir='ltr'>quod</span> <span class='ocrx_word' id='word_1_94' title='bbox 965 1438 1156 1518; x_wconf 87' lang='lat' dir='ltr'>ostendens</span> <span class='ocrx_word' id='word_1_95' title='bbox 1174 1450 1212 1523; x_wconf 88' lang='lat' dir='ltr'>in</span> 
     </span>
     <span class='ocr_line' id='line_1_13' title="bbox 144 1533 1210 1633; baseline 0.007 -18"><span class='ocrx_word' id='word_1_96' title='bbox 144 1538 268 1615; x_wconf 82' lang='lat' dir='ltr'>nostra</span> <span class='ocrx_word' id='word_1_97' title='bbox 290 1535 473 1633; x_wconf 83' lang='lat' dir='ltr'>potestate</span> <span class='ocrx_word' id='word_1_98' title='bbox 497 1533 674 1628; x_wconf 77' lang='lat' dir='ltr'>positum,</span> <span class='ocrx_word' id='word_1_99' title='bbox 700 1545 742 1606; x_wconf 90' lang='lat' dir='ltr'>ut</span> <span class='ocrx_word' id='word_1_100' title='bbox 766 1553 844 1610; x_wconf 87' lang='lat' dir='ltr'>non</span> <span class='ocrx_word' id='word_1_101' title='bbox 868 1553 995 1633; x_wconf 79' lang='lat' dir='ltr'>regnet</span> <span class='ocrx_word' id='word_1_102' title='bbox 1020 1542 1056 1614; x_wconf 91' lang='lat' dir='ltr'>in</span> <span class='ocrx_word' id='word_1_103' title='bbox 1082 1542 1210 1623; x_wconf 88' lang='lat' dir='ltr'>nostro</span> 
     </span>
     <span class='ocr_line' id='line_1_14' title="bbox 143 1633 1210 1735; baseline 0.003 -18"><span class='ocrx_word' id='word_1_104' title='bbox 143 1637 289 1717; x_wconf 77' lang='lat' dir='ltr'>mortali</span> <span class='ocrx_word' id='word_1_105' title='bbox 313 1653 470 1727; x_wconf 90' lang='lat' dir='ltr'>corpore</span> <span class='ocrx_word' id='word_1_106' title='bbox 493 1633 704 1730; x_wconf 77' lang='lat' dir='ltr'>peceatum,</span> <span class='ocrx_word' id='word_1_107' title='bbox 730 1649 949 1730; x_wconf 78' lang='lat' dir='ltr'>preceptum</span> <span class='ocrx_word' id='word_1_108' title='bbox 971 1638 1033 1713; x_wconf 89' lang='lat' dir='ltr'>dat</span> <span class='ocrx_word' id='word_1_109' title='bbox 1048 1640 1210 1735; x_wconf 86' lang='lat' dir='ltr'><strong>Aposto-</strong></span> 
     </span>
     <span class='ocr_line' id='line_1_15' title="bbox 144 1738 1213 1834; baseline 0.007 -21"><span class='ocrx_word' id='word_1_110' title='bbox 144 1738 220 1831; x_wconf 82' lang='lat' dir='ltr'>lus,</span> <span class='ocrx_word' id='word_1_111' title='bbox 247 1739 367 1812; x_wconf 85' lang='lat' dir='ltr'>dicens</span> <span class='ocrx_word' id='word_1_112' title='bbox 381 1756 399 1828; x_wconf 20' lang='lat'>:-</span> <span class='ocrx_word' id='word_1_113' title='bbox 423 1738 503 1808; x_wconf 80' lang='lat' dir='ltr'>Non</span> <span class='ocrx_word' id='word_1_114' title='bbox 521 1753 590 1829; x_wconf 81' lang='lat' dir='ltr'>erga</span> <span class='ocrx_word' id='word_1_115' title='bbox 611 1749 717 1827; x_wconf 82' lang='lat' dir='ltr'><em>regnet</em></span> <span class='ocrx_word' id='word_1_116' title='bbox 731 1751 887 1831; x_wconf 79' lang='lat' dir='ltr'>paccatum</span> <span class='ocrx_word' id='word_1_117' title='bbox 909 1742 947 1808; x_wconf 86' lang='lat' dir='ltr'>in</span> <span class='ocrx_word' id='word_1_118' title='bbox 964 1740 1064 1834; x_wconf 69' lang='lat' dir='ltr'>vesica</span> <span class='ocrx_word' id='word_1_119' title='bbox 1083 1750 1213 1820; x_wconf 80' lang='lat' dir='ltr'>mortali</span> 
     </span>
     <span class='ocr_line' id='line_1_16' title="bbox 145 1807 1213 1940; baseline 0.01 -29"><span class='ocrx_word' id='word_1_120' title='bbox 145 1807 284 1937; x_wconf 43' lang='lat' dir='ltr'>corpote,</span> <span class='ocrx_word' id='word_1_121' title='bbox 309 1837 349 1909; x_wconf 80' lang='lat' dir='ltr'>od</span> <span class='ocrx_word' id='word_1_122' title='bbox 363 1836 559 1908; x_wconf 73' lang='lat' dir='ltr'>obediendam</span> <span class='ocrx_word' id='word_1_123' title='bbox 575 1835 725 1940; x_wconf 68' lang='lat' dir='ltr'>uuideriis</span> <span class='ocrx_word' id='word_1_124' title='bbox 739 1837 814 1933; x_wconf 74' lang='lat' dir='ltr'>ejus.</span> <span class='ocrx_word' id='word_1_125' title='bbox 866 1834 941 1911; x_wconf 77' lang='lat' dir='ltr'>Nisi</span> <span class='ocrx_word' id='word_1_126' title='bbox 960 1842 1053 1915; x_wconf 88' lang='lat' dir='ltr'>enim</span> <span class='ocrx_word' id='word_1_127' title='bbox 1069 1838 1156 1919; x_wconf 80' lang='lat' dir='ltr'>effet</span> <span class='ocrx_word' id='word_1_128' title='bbox 1173 1851 1213 1924; x_wconf 87' lang='lat' dir='ltr'>in</span> 
     </span>
     <span class='ocr_line' id='line_1_17' title="bbox 142 1928 1213 2038; baseline 0.005 -22"><span class='ocrx_word' id='word_1_129' title='bbox 142 1934 263 2016; x_wconf 85' lang='lat' dir='ltr'>nostra</span> <span class='ocrx_word' id='word_1_130' title='bbox 280 1928 481 2031; x_wconf 79' lang='lat' dir='ltr'>potestate,</span> <span class='ocrx_word' id='word_1_131' title='bbox 498 1946 539 2006; x_wconf 86' lang='lat' dir='ltr'>ut</span> <span class='ocrx_word' id='word_1_132' title='bbox 557 1950 632 2007; x_wconf 89' lang='lat' dir='ltr'>non</span> <span class='ocrx_word' id='word_1_133' title='bbox 650 1949 815 2028; x_wconf 83' lang='lat' dir='ltr'>regnaret</span> <span class='ocrx_word' id='word_1_134' title='bbox 830 1934 866 2010; x_wconf 89' lang='lat' dir='ltr'>in</span> <span class='ocrx_word' id='word_1_135' title='bbox 883 1939 991 2012; x_wconf 86' lang='lat' dir='ltr'>nobis</span> <span class='ocrx_word' id='word_1_136' title='bbox 1007 1959 1213 2038; x_wconf 86' lang='lat' dir='ltr'>peccatum,</span> 
     </span>
     <span class='ocr_line' id='line_1_18' title="bbox 144 2027 1214 2139; baseline 0.01 -30"><span class='ocrx_word' id='word_1_137' title='bbox 144 2053 364 2134; x_wconf 78' lang='lat' dir='ltr'>preceptum</span> <span class='ocrx_word' id='word_1_138' title='bbox 382 2035 508 2126; x_wconf 88' lang='lat' dir='ltr'>utique</span> <span class='ocrx_word' id='word_1_139' title='bbox 523 2051 598 2107; x_wconf 89' lang='lat' dir='ltr'>non</span> <span class='ocrx_word' id='word_1_140' title='bbox 610 2027 777 2109; x_wconf 74' lang='lat' dir='ltr'>dediss‘et.¹</span> <span class='ocrx_word' id='word_1_141' title='bbox 807 2033 1009 2135; x_wconf 86' lang='lat' dir='ltr'><strong>Quomodo</strong></span> <span class='ocrx_word' id='word_1_142' title='bbox 1027 2061 1116 2138; x_wconf 85' lang='lat' dir='ltr'>ergo</span> <span class='ocrx_word' id='word_1_143' title='bbox 1133 2047 1214 2139; x_wconf 86' lang='lat' dir='ltr'><strong>pos-</strong></span> 
     </span>
     <span class='ocr_line' id='line_1_19' title="bbox 143 2133 1214 2239; baseline 0.009 -26"><span class='ocrx_word' id='word_1_144' title='bbox 143 2137 242 2215; x_wconf 78' lang='lat' dir='ltr'>sibile</span> <span class='ocrx_word' id='word_1_145' title='bbox 258 2135 329 2231; x_wconf 82' lang='lat' dir='ltr'>est,</span> <span class='ocrx_word' id='word_1_146' title='bbox 356 2147 397 2208; x_wconf 87' lang='lat' dir='ltr'>ut</span> <span class='ocrx_word' id='word_1_147' title='bbox 419 2147 607 2229; x_wconf 79' lang='lat' dir='ltr'>peccatum</span> <span class='ocrx_word' id='word_1_148' title='bbox 631 2133 668 2206; x_wconf 89' lang='lat' dir='ltr'>in</span> <span class='ocrx_word' id='word_1_149' title='bbox 692 2151 801 2208; x_wconf 87' lang='lat' dir='ltr'>carne</span> <span class='ocrx_word' id='word_1_150' title='bbox 824 2134 945 2211; x_wconf 87' lang='lat' dir='ltr'>nostra</span> <span class='ocrx_word' id='word_1_151' title='bbox 967 2156 1043 2215; x_wconf 90' lang='lat' dir='ltr'>non</span> <span class='ocrx_word' id='word_1_152' title='bbox 1059 2146 1214 2239; x_wconf 75' lang='lat' dir='ltr'>regnet?</span> 
     </span>
    </p>

    <p class='ocr_par' dir='ltr' id='par_1_5' title="bbox 143 2229 1319 3637">
     <span class='ocr_line' id='line_1_20' title="bbox 144 2229 1216 2327; baseline 0.004 -13"><span class='ocrx_word' id='word_1_153' title='bbox 144 2237 181 2314; x_wconf 84' lang='lat' dir='ltr'>Si</span> <span class='ocrx_word' id='word_1_154' title='bbox 198 2234 367 2312; x_wconf 86' lang='lat' dir='ltr'>faciamus</span> <span class='ocrx_word' id='word_1_155' title='bbox 384 2231 491 2322; x_wconf 60' lang='lat' dir='ltr'>illudi</span> <span class='ocrx_word' id='word_1_156' title='bbox 518 2233 617 2326; x_wconf 89' lang='lat' dir='ltr'>quod</span> <span class='ocrx_word' id='word_1_157' title='bbox 634 2230 729 2308; x_wconf 82' lang='lat' dir='ltr'>idem</span> <span class='ocrx_word' id='word_1_158' title='bbox 738 2229 938 2327; x_wconf 83' lang='lat' dir='ltr'>Apostolus</span> <span class='ocrx_word' id='word_1_159' title='bbox 956 2237 1061 2313; x_wconf 87' lang='lat' dir='ltr'>dicit:</span> <span class='ocrx_word' id='word_1_160' title='bbox 1090 2250 1216 2318; x_wconf 75' lang='lat' dir='ltr'>Marri·</span> 
     </span>
     <span class='ocr_line' id='line_1_21' title="bbox 143 2336 1217 2442; baseline 0.001 -31"><span class='ocrx_word' id='word_1_161' title='bbox 143 2343 237 2430; x_wconf 74' lang='lat' dir='ltr'>ficare</span> <span class='ocrx_word' id='word_1_162' title='bbox 252 2337 384 2409; x_wconf 80' lang='lat' dir='ltr'>membra</span> <span class='ocrx_word' id='word_1_163' title='bbox 399 2336 522 2428; x_wconf 63' lang='lat' dir='ltr'>uestra,</span> <span class='ocrx_word' id='word_1_164' title='bbox 548 2358 613 2430; x_wconf 76' lang='lat' dir='ltr'>qua</span> <span class='ocrx_word' id='word_1_165' title='bbox 627 2336 707 2420; x_wconf 77' lang='lat' dir='ltr'>lunt</span> <span class='ocrx_word' id='word_1_166' title='bbox 720 2336 812 2427; x_wconf 82' lang='lat' dir='ltr'>super</span> <span class='ocrx_word' id='word_1_167' title='bbox 827 2352 967 2424; x_wconf 64' lang='lat' dir='ltr'>terram</span> <span class='ocrx_word' id='word_1_168' title='bbox 995 2339 1028 2411; x_wconf 87' lang='lat'>&amp;</span> <span class='ocrx_word' id='word_1_169' title='bbox 1052 2340 1076 2415; x_wconf 87' lang='lat' dir='ltr'>fi</span> <span class='ocrx_word' id='word_1_170' title='bbox 1096 2350 1217 2442; x_wconf 71' lang='lat' dir='ltr'>semper</span> 
     </span>
     <span class='ocr_line' id='line_1_22' title="bbox 148 2430 1219 2532; baseline 0.011 -23"><span class='ocrx_word' id='word_1_171' title='bbox 148 2456 278 2511; x_wconf 78' lang='lat' dir='ltr'>mortem</span> <span class='ocrx_word' id='word_1_172' title='bbox 296 2435 413 2532; x_wconf 75' lang='lat' dir='ltr'>Christi</span> <span class='ocrx_word' id='word_1_173' title='bbox 428 2439 465 2509; x_wconf 83' lang='lat' dir='ltr'>in</span> <span class='ocrx_word' id='word_1_174' title='bbox 478 2433 599 2529; x_wconf 75' lang='lat' dir='ltr'>corpore</span> <span class='ocrx_word' id='word_1_175' title='bbox 613 2433 715 2527; x_wconf 76' lang='lat' dir='ltr'>nostra</span> <span class='ocrx_word' id='word_1_176' title='bbox 732 2430 1035 2514; x_wconf 76' lang='lat' dir='ltr'>circumferamus.</span> <span class='ocrx_word' id='word_1_177' title='bbox 1067 2439 1219 2526; x_wconf 87' lang='lat' dir='ltr'>Certum</span> 
     </span>
     <span class='ocr_line' id='line_1_23' title="bbox 146 2522 1217 2632; baseline 0.012 -21"><span class='ocrx_word' id='word_1_178' title='bbox 146 2527 301 2630; x_wconf 78' lang='lat' dir='ltr'>namque</span> <span class='ocrx_word' id='word_1_179' title='bbox 317 2532 385 2628; x_wconf 89' lang='lat' dir='ltr'>est,</span> <span class='ocrx_word' id='word_1_180' title='bbox 413 2536 508 2626; x_wconf 76' lang='lat' dir='ltr'>quia,</span> <span class='ocrx_word' id='word_1_181' title='bbox 525 2531 586 2606; x_wconf 90' lang='lat' dir='ltr'>ubi</span> <span class='ocrx_word' id='word_1_182' title='bbox 602 2548 698 2632; x_wconf 86' lang='lat' dir='ltr'>mors</span> <span class='ocrx_word' id='word_1_183' title='bbox 716 2522 843 2605; x_wconf 86' lang='lat' dir='ltr'>Christi</span> <span class='ocrx_word' id='word_1_184' title='bbox 860 2535 1123 2628; x_wconf 87' lang='lat' dir='ltr'>circumfertur,</span> <span class='ocrx_word' id='word_1_185' title='bbox 1136 2566 1217 2623; x_wconf 87' lang='lat' dir='ltr'>non</span> 
     </span>
     <span class='ocr_line' id='line_1_24' title="bbox 146 2623 1217 2736; baseline 0.01 -25"><span class='ocrx_word' id='word_1_186' title='bbox 146 2626 269 2734; x_wconf 70' lang='lat' dir='ltr'>potest</span> <span class='ocrx_word' id='word_1_187' title='bbox 291 2652 441 2732; x_wconf 85' lang='lat' dir='ltr'>regnare</span> <span class='ocrx_word' id='word_1_188' title='bbox 465 2645 666 2728; x_wconf 81' lang='lat' dir='ltr'>peccatum.</span> <span class='ocrx_word' id='word_1_189' title='bbox 718 2623 779 2704; x_wconf 79' lang='lat' dir='ltr'>Est</span> <span class='ocrx_word' id='word_1_190' title='bbox 797 2628 890 2708; x_wconf 83' lang='lat' dir='ltr'>enim</span> <span class='ocrx_word' id='word_1_191' title='bbox 909 2649 1008 2711; x_wconf 87' lang='lat' dir='ltr'>tanta</span> <span class='ocrx_word' id='word_1_192' title='bbox 1025 2642 1079 2736; x_wconf 82' lang='lat' dir='ltr'>vis</span> <span class='ocrx_word' id='word_1_193' title='bbox 1100 2647 1217 2722; x_wconf 84' lang='lat' dir='ltr'>crucia</span> 
     </span>
     <span class='ocr_line' id='line_1_25' title="bbox 148 2729 1244 2828; baseline 0.006 -14"><span class='ocrx_word' id='word_1_194' title='bbox 148 2735 298 2828; x_wconf 82' lang='lat' dir='ltr'>christi,</span> <span class='ocrx_word' id='word_1_195' title='bbox 326 2748 388 2828; x_wconf 89' lang='lat' dir='ltr'>ut,</span> <span class='ocrx_word' id='word_1_196' title='bbox 414 2729 438 2808; x_wconf 81' lang='lat' dir='ltr'>sa</span> <span class='ocrx_word' id='word_1_197' title='bbox 456 2745 538 2809; x_wconf 86' lang='lat' dir='ltr'>ante</span> <span class='ocrx_word' id='word_1_198' title='bbox 556 2730 686 2828; x_wconf 84' lang='lat' dir='ltr'>oculos</span> <span class='ocrx_word' id='word_1_199' title='bbox 703 2746 875 2825; x_wconf 80' lang='lat' dir='ltr'>ponatur,</span> <span class='ocrx_word' id='word_1_200' title='bbox 895 2734 928 2808; x_wconf 73' lang='lat' dir='ltr'>or</span> <span class='ocrx_word' id='word_1_201' title='bbox 946 2737 980 2809; x_wconf 90' lang='lat' dir='ltr'>in</span> <span class='ocrx_word' id='word_1_202' title='bbox 997 2747 1117 2816; x_wconf 80' lang='lat' dir='ltr'>mente</span> <span class='ocrx_word' id='word_1_203' title='bbox 1132 2739 1220 2821; x_wconf 86' lang='lat' dir='ltr'>fide·</span> <span class='ocrx_word' id='word_1_204' title='bbox 1238 2791 1244 2808; x_wconf 84' lang='lat'>·</span> 
     </span>
     <span class='ocr_line' id='line_1_26' title="bbox 145 2823 1319 2924; baseline 0.007 -10"><span class='ocrx_word' id='word_1_205' title='bbox 145 2837 230 2918; x_wconf 84' lang='lat' dir='ltr'>liter</span> <span class='ocrx_word' id='word_1_206' title='bbox 246 2835 464 2918; x_wconf 82' lang='lat' dir='ltr'>retineatur,</span> <span class='ocrx_word' id='word_1_207' title='bbox 489 2835 539 2903; x_wconf 89' lang='lat' dir='ltr'>ita</span> <span class='ocrx_word' id='word_1_208' title='bbox 553 2844 594 2902; x_wconf 85' lang='lat' dir='ltr'>ut</span> <span class='ocrx_word' id='word_1_209' title='bbox 614 2827 650 2904; x_wconf 90' lang='lat' dir='ltr'>in</span> <span class='ocrx_word' id='word_1_210' title='bbox 668 2823 773 2924; x_wconf 80' lang='lat' dir='ltr'>ipsam</span> <span class='ocrx_word' id='word_1_211' title='bbox 791 2848 946 2911; x_wconf 88' lang='lat' dir='ltr'>mortem</span> <span class='ocrx_word' id='word_1_212' title='bbox 963 2833 1088 2916; x_wconf 87' lang='lat' dir='ltr'>Christi</span> <span class='ocrx_word' id='word_1_213' title='bbox 1104 2848 1220 2920; x_wconf 88' lang='lat' dir='ltr'>inten·</span> <span class='ocrx_word' id='word_1_214' title='bbox 1312 2871 1319 2880; x_wconf 92' lang='lat'>·</span> 
     </span>
     <span class='ocr_line' id='line_1_27' title="bbox 148 2924 1221 3028; baseline 0.007 -15"><span class='ocrx_word' id='word_1_215' title='bbox 148 2952 207 3013; x_wconf 85' lang='lat' dir='ltr'>tus</span> <span class='ocrx_word' id='word_1_216' title='bbox 226 2934 353 3011; x_wconf 78' lang='lat' dir='ltr'>octrlur</span> <span class='ocrx_word' id='word_1_217' title='bbox 371 2930 501 3010; x_wconf 82' lang='lat' dir='ltr'>mentis</span> <span class='ocrx_word' id='word_1_218' title='bbox 521 2924 677 3023; x_wconf 83' lang='lat' dir='ltr'>aspiciat,</span> <span class='ocrx_word' id='word_1_219' title='bbox 695 2932 792 3006; x_wconf 82' lang='lat' dir='ltr'>nulla</span> <span class='ocrx_word' id='word_1_220' title='bbox 808 2930 1221 3028; x_wconf 72' lang='lat' dir='ltr'>concupiscentianuua</span> 
     </span>
     <span class='ocr_line' id='line_1_28' title="bbox 148 3023 1221 3131; baseline 0.007 -19"><span class='ocrx_word' id='word_1_221' title='bbox 148 3034 277 3124; x_wconf 86' lang='lat' dir='ltr'>libido,</span> <span class='ocrx_word' id='word_1_222' title='bbox 297 3033 416 3108; x_wconf 80' lang='lat' dir='ltr'>nullus</span> <span class='ocrx_word' id='word_1_223' title='bbox 431 3027 546 3122; x_wconf 88' lang='lat' dir='ltr'>furor,</span> <span class='ocrx_word' id='word_1_224' title='bbox 564 3029 660 3103; x_wconf 81' lang='lat' dir='ltr'>nulia</span> <span class='ocrx_word' id='word_1_225' title='bbox 678 3023 844 3123; x_wconf 82' lang='lat' dir='ltr'>superare</span> <span class='ocrx_word' id='word_1_226' title='bbox 860 3031 964 3126; x_wconf 77' lang='lat' dir='ltr'>point</span> <span class='ocrx_word' id='word_1_227' title='bbox 980 3038 1134 3131; x_wconf 82' lang='lat' dir='ltr'>invidia3</span> <span class='ocrx_word' id='word_1_228' title='bbox 1161 3044 1221 3119; x_wconf 88' lang='lat' dir='ltr'>sed</span> 
     </span>
     <span class='ocr_line' id='line_1_29' title="bbox 151 3128 1222 3239; baseline 0.007 -28"><span class='ocrx_word' id='word_1_229' title='bbox 151 3137 329 3211; x_wconf 85' lang='lat' dir='ltr'>continuo</span> <span class='ocrx_word' id='word_1_230' title='bbox 354 3131 396 3206; x_wconf 87' lang='lat' dir='ltr'>ad</span> <span class='ocrx_word' id='word_1_231' title='bbox 422 3128 498 3226; x_wconf 80' lang='lat' dir='ltr'>ejus</span> <span class='ocrx_word' id='word_1_232' title='bbox 519 3128 740 3224; x_wconf 80' lang='lat' dir='ltr'>presentiam</span> <span class='ocrx_word' id='word_1_233' title='bbox 764 3144 865 3206; x_wconf 78' lang='lat' dir='ltr'>totus</span> <span class='ocrx_word' id='word_1_234' title='bbox 888 3133 968 3227; x_wconf 82' lang='lat' dir='ltr'>ille,</span> <span class='ocrx_word' id='word_1_235' title='bbox 995 3157 1101 3230; x_wconf 89' lang='lat' dir='ltr'>quem</span> <span class='ocrx_word' id='word_1_236' title='bbox 1119 3142 1222 3239; x_wconf 85' lang='lat' dir='ltr'>supra</span> 
     </span>
     <span class='ocr_line' id='line_1_30' title="bbox 151 3226 1302 3329; baseline 0.009 -19"><span class='ocrx_word' id='word_1_237' title='bbox 151 3227 459 3324; x_wconf 80' lang='lat' dir='ltr'>enumeravimus,</span> <span class='ocrx_word' id='word_1_238' title='bbox 485 3226 626 3324; x_wconf 83' lang='lat' dir='ltr'>peccati</span> <span class='ocrx_word' id='word_1_239' title='bbox 653 3230 686 3301; x_wconf 74' lang='lat' dir='ltr'>ur</span> <span class='ocrx_word' id='word_1_240' title='bbox 712 3231 828 3304; x_wconf 81' lang='lat' dir='ltr'>carnia</span> <span class='ocrx_word' id='word_1_241' title='bbox 854 3226 997 3329; x_wconf 83' lang='lat' dir='ltr'>fugatur</span> <span class='ocrx_word' id='word_1_242' title='bbox 1010 3244 1221 3326; x_wconf 80' lang='lat' dir='ltr'>exercitur:</span> <span class='ocrx_word' id='word_1_243' title='bbox 1291 3282 1302 3302; x_wconf 76' lang='lat'>=</span> 
     </span>
     <span class='ocr_line' id='line_1_31' title="bbox 149 3323 1223 3429; baseline 0.009 -21"><span class='ocrx_word' id='word_1_244' title='bbox 149 3330 263 3429; x_wconf 84' lang='lat' dir='ltr'>ipsum</span> <span class='ocrx_word' id='word_1_245' title='bbox 286 3351 379 3407; x_wconf 81' lang='lat' dir='ltr'>varo</span> <span class='ocrx_word' id='word_1_246' title='bbox 404 3344 593 3425; x_wconf 80' lang='lat' dir='ltr'>peceatum</span> <span class='ocrx_word' id='word_1_247' title='bbox 617 3344 686 3402; x_wconf 86' lang='lat' dir='ltr'>nec</span> <span class='ocrx_word' id='word_1_248' title='bbox 704 3323 873 3424; x_wconf 77' lang='lat' dir='ltr'>subsistit,</span> <span class='ocrx_word' id='word_1_249' title='bbox 900 3335 1034 3427; x_wconf 85' lang='lat' dir='ltr'>quippe</span> <span class='ocrx_word' id='word_1_250' title='bbox 1053 3359 1133 3416; x_wconf 88' lang='lat' dir='ltr'>cum</span> <span class='ocrx_word' id='word_1_251' title='bbox 1152 3360 1223 3419; x_wconf 87' lang='lat' dir='ltr'>nec</span> 
     </span>
     <span class='ocr_line' id='line_1_32' title="bbox 149 3423 1225 3534; baseline -0.002 -23"><span class='ocrx_word' id='word_1_252' title='bbox 149 3430 342 3512; x_wconf 84' lang='lat' dir='ltr'>substantia</span> <span class='ocrx_word' id='word_1_253' title='bbox 357 3430 433 3525; x_wconf 78' lang='lat' dir='ltr'>ejus</span> <span class='ocrx_word' id='word_1_254' title='bbox 446 3447 594 3522; x_wconf 77' lang='lat' dir='ltr'>usquam</span> <span class='ocrx_word' id='word_1_255' title='bbox 611 3427 652 3502; x_wconf 85' lang='lat' dir='ltr'>fit</span> <span class='ocrx_word' id='word_1_256' title='bbox 665 3423 727 3504; x_wconf 85' lang='lat' dir='ltr'>aisr</span> <span class='ocrx_word' id='word_1_257' title='bbox 743 3429 779 3503; x_wconf 90' lang='lat' dir='ltr'>in</span> <span class='ocrx_word' id='word_1_258' title='bbox 797 3448 954 3525; x_wconf 81' lang='lat' dir='ltr'>corpore</span> <span class='ocrx_word' id='word_1_259' title='bbox 971 3433 1005 3507; x_wconf 71' lang='grc' dir='ltr'>δι</span> <span class='ocrx_word' id='word_1_260' title='bbox 1020 3437 1135 3534; x_wconf 60' lang='lat' dir='ltr'>gestis.v</span> <span class='ocrx_word' id='word_1_261' title='bbox 1161 3439 1225 3518; x_wconf 78' lang='lat' dir='ltr'>Est</span> 
     </span>
     <span class='ocr_line' id='line_1_33' title="bbox 151 3521 1225 3637; baseline 0.007 -27"><span class='ocrx_word' id='word_1_262' title='bbox 151 3550 241 3634; x_wconf 86' lang='lat' dir='ltr'>ergo</span> <span class='ocrx_word' id='word_1_263' title='bbox 259 3534 300 3610; x_wconf 85' lang='lat' dir='ltr'>in</span> <span class='ocrx_word' id='word_1_264' title='bbox 316 3533 423 3608; x_wconf 76' lang='lat' dir='ltr'>nobit</span> <span class='ocrx_word' id='word_1_265' title='bbox 441 3523 474 3604; x_wconf 71' lang='grc' dir='ltr'>δι</span> <span class='ocrx_word' id='word_1_266' title='bbox 490 3521 782 3622; x_wconf 85' lang='lat' dir='ltr'>concupiscentia</span> <span class='ocrx_word' id='word_1_267' title='bbox 800 3534 955 3626; x_wconf 84' lang='lat' dir='ltr'>peccati,</span> <span class='ocrx_word' id='word_1_268' title='bbox 977 3552 1055 3625; x_wconf 80' lang='lat' dir='ltr'>que</span> <span class='ocrx_word' id='word_1_269' title='bbox 1074 3554 1225 3637; x_wconf 78' lang='lat' dir='ltr'>regnum</span> 
     </span>
    </p>
   </div>
   <div class='ocr_carea' id='block_1_3' title="bbox 149 3623 1268 4151">
    <p class='ocr_par' dir='ltr' id='par_1_6' title="bbox 149 3623 1268 4151">
     <span class='ocr_line' id='line_1_34' title="bbox 149 3623 1254 3733; baseline 0.003 -22"><span class='ocrx_word' id='word_1_270' title='bbox 149 3631 319 3712; x_wconf 78' lang='lat' dir='ltr'>hebetia</span> <span class='ocrx_word' id='word_1_271' title='bbox 342 3646 470 3707; x_wconf 78' lang='lat' dir='ltr'>carnea</span> <span class='ocrx_word' id='word_1_272' title='bbox 497 3623 549 3704; x_wconf 88' lang='lat' dir='ltr'>est</span> <span class='ocrx_word' id='word_1_273' title='bbox 574 3628 607 3701; x_wconf 76' lang='grc' dir='ltr'>δι</span> <span class='ocrx_word' id='word_1_274' title='bbox 634 3623 928 3720; x_wconf 83' lang='lat' dir='ltr'>concupiscentia</span> <span class='ocrx_word' id='word_1_275' title='bbox 954 3627 1116 3731; x_wconf 75' lang='lat' dir='ltr'>spiritur,</span> <span class='ocrx_word' id='word_1_276' title='bbox 1144 3653 1254 3733; x_wconf 64' lang='lat' dir='ltr'>qupae&#39;</span> 
     </span>
     <span class='ocr_line' id='line_1_35' title="bbox 150 3727 1232 3835; baseline 0.006 -26"><span class='ocrx_word' id='word_1_277' title='bbox 150 3749 302 3833; x_wconf 83' lang='lat' dir='ltr'>regnum</span> <span class='ocrx_word' id='word_1_278' title='bbox 325 3731 435 3807; x_wconf 88' lang='lat' dir='ltr'>habet</span> <span class='ocrx_word' id='word_1_279' title='bbox 459 3733 495 3802; x_wconf 87' lang='lat' dir='ltr'>in</span> <span class='ocrx_word' id='word_1_280' title='bbox 520 3742 666 3830; x_wconf 84' lang='lat' dir='ltr'>mente,</span> <span class='ocrx_word' id='word_1_281' title='bbox 693 3727 969 3825; x_wconf 71' lang='lat' dir='ltr'>secundumn,</span> <span class='ocrx_word' id='word_1_282' title='bbox 996 3733 1094 3828; x_wconf 87' lang='lat' dir='ltr'>quod</span> <span class='ocrx_word' id='word_1_283' title='bbox 1122 3732 1232 3835; x_wconf 73' lang='lat' dir='ltr'>supro</span> 
     </span>
     <span class='ocr_line' id='line_1_36' title="bbox 154 3635 1268 4151; baseline 0 -241"><span class='ocrx_word' id='word_1_284' title='bbox 154 3830 328 3926; x_wconf 71' lang='lat' dir='ltr'>dixistine,</span> <span class='ocrx_word' id='word_1_285' title='bbox 356 3834 523 3926; x_wconf 72' lang='lat' dir='ltr'>quietura</span> <span class='ocrx_word' id='word_1_286' title='bbox 541 3849 633 3899; x_wconf 82' lang='lat' dir='ltr'>contu</span> <span class='ocrx_word' id='word_1_287' title='bbox 654 3823 727 3918; x_wconf 77' lang='lat' dir='ltr'>istit</span> <span class='ocrx_word' id='word_1_288' title='bbox 746 3827 895 3917; x_wconf 77' lang='lat' dir='ltr'>adversus</span> <span class='ocrx_word' id='word_1_289' title='bbox 908 3829 1068 3927; x_wconf 71' lang='lat' dir='ltr'>spirirum,</span> <span class='ocrx_word' id='word_1_290' title='bbox 1090 3635 1268 4151; x_wconf 34' lang='lat' dir='ltr'>spirat}</span> 
     </span>
    </p>
   </div>
   <div class='ocr_carea' id='block_1_4' title="bbox 140 3932 1202 4109">
    <p class='ocr_par' dir='ltr' id='par_1_7' title="bbox 140 3932 1202 4109">
     <span class='ocr_line' id='line_1_37' title="bbox 140 3932 1202 4102; baseline 0.031 -119"><span class='ocrx_word' id='word_1_291' title='bbox 140 3951 261 4020; x_wconf 56' lang='lat' dir='ltr'>mm,</span> <span class='ocrx_word' id='word_1_292' title='bbox 276 3932 424 4026; x_wconf 50' lang='lat' dir='ltr'>“aversus</span> <span class='ocrx_word' id='word_1_293' title='bbox 444 3952 582 4030; x_wconf 77' lang='lat' dir='ltr'>carnea.</span> <span class='ocrx_word' id='word_1_294' title='bbox 641 3947 710 4102; x_wconf 74' lang='lat' dir='ltr'>mns</span> <span class='ocrx_word' id='word_1_295' title='bbox 719 3942 806 4027; x_wconf 74' lang='lat' dir='ltr'>ergo</span> <span class='ocrx_word' id='word_1_296' title='bbox 823 3933 1112 4031; x_wconf 71' lang='lat' dir='ltr'>,concupiscimus</span> <span class='ocrx_word' id='word_1_297' title='bbox 1128 3956 1202 4032; x_wconf 84' lang='lat' dir='ltr'>quo</span> 
     </span>
     <span class='ocr_line' id='line_1_38' title="bbox 541 4042 1169 4109; baseline 0.025 -15"><span class='ocrx_word' id='word_1_298' title='bbox 541 4069 544 4076; x_wconf 35' lang='grc' dir='ltr'>ι</span> <span class='ocrx_word' id='word_1_299' title='bbox 639 4042 642 4050; x_wconf 93' lang='grc'><strong><em>·</em></strong></span> <span class='ocrx_word' id='word_1_300' title='bbox 737 4045 757 4100; x_wconf 77' lang='lat' dir='ltr'>a</span> <span class='ocrx_word' id='word_1_301' title='bbox 1107 4052 1169 4109; x_wconf 71' lang='lat' dir='ltr'>mo</span> 
     </span>
    </p>
   </div>
   <div class='ocr_carea' id='block_1_5' title="bbox 0 0 1419 4559">
    <p class='ocr_par' dir='ltr' id='par_1_8' title="bbox 0 0 1419 4559">
     <span class='ocr_line' id='line_1_39' title="bbox 0 0 1419 4559; baseline 0 0"><span class='ocrx_word' id='word_1_302' title='bbox 0 0 1419 4559; x_wconf 95' lang='lat' dir='ltr'> </span> 
     </span>
    </p>
   </div>
  </div>
 </body>
</html>
