<?xml version="1.0" encoding="UTF-8"?>
<!DOCTYPE html PUBLIC "-//W3C//DTD XHTML 1.0 Transitional//EN"
    "http://www.w3.org/TR/xhtml1/DTD/xhtml1-transitional.dtd">
<html xmlns="http://www.w3.org/1999/xhtml" xml:lang="en" lang="en">
 <head>
  <title>
</title>
<meta http-equiv="Content-Type" content="text/html;charset=utf-8" />
  <meta name='ocr-system' content='tesseract 3.04.00' />
  <meta name='ocr-capabilities' content='ocr_page ocr_carea ocr_par ocr_line ocrx_word'/>
</head>
<body>
  <div class='ocr_page' id='page_1' title='image "./operaomniasanct12unkngoog_0287.png"; bbox 0 0 2825 4559; ppageno 0'>
   <div class='ocr_carea' id='block_1_1' title="bbox 134 251 1287 409">
    <p class='ocr_par' dir='ltr' id='par_1_1' title="bbox 134 251 1287 409">
     <span class='ocr_line' id='line_1_1' title="bbox 134 251 1287 409; baseline 0.025 -26"><span class='ocrx_word' id='word_1_1' title='bbox 134 251 137 256; x_wconf 61' lang='grc'><strong>’</strong></span> <span class='ocrx_word' id='word_1_2' title='bbox 276 253 343 392; x_wconf 82' lang='lat' dir='ltr'>tn</span> <span class='ocrx_word' id='word_1_3' title='bbox 369 307 545 391; x_wconf 74' lang='lat' dir='ltr'>tmsn.</span> <span class='ocrx_word' id='word_1_4' title='bbox 571 307 653 387; x_wconf 77' lang='lat' dir='ltr'>no</span> <span class='ocrx_word' id='word_1_5' title='bbox 679 283 909 389; x_wconf 72' lang='lat' dir='ltr'>nonin,</span> <span class='ocrx_word' id='word_1_6' title='bbox 935 287 1125 403; x_wconf 62' lang='lat' dir='ltr'>tino„</span> <span class='ocrx_word' id='word_1_7' title='bbox 1143 301 1149 309; x_wconf 70' lang='grc'><em>“</em></span> <span class='ocrx_word' id='word_1_8' title='bbox 1169 333 1239 409; x_wconf 80' lang='lat'>273</span> <span class='ocrx_word' id='word_1_9' title='bbox 1285 271 1287 276; x_wconf 32' lang='lat'><strong><em>¹</em></strong></span> 
     </span>
    </p>
   </div>
   <div class='ocr_carea' id='block_1_2' title="bbox 119 465 1340 4154">
    <p class='ocr_par' dir='ltr' id='par_1_2' title="bbox 119 465 1340 3860">
     <span class='ocr_line' id='line_1_2' title="bbox 119 465 1237 570; baseline -0.001 -19"><span class='ocrx_word' id='word_1_10' title='bbox 119 511 122 524; x_wconf 81' lang='lat'><em>=</em></span> <span class='ocrx_word' id='word_1_11' title='bbox 163 479 203 551; x_wconf 90' lang='lat' dir='ltr'>in</span> <span class='ocrx_word' id='word_1_12' title='bbox 231 473 400 550; x_wconf 77' lang='lat' dir='ltr'>&#39;cordibus</span> <span class='ocrx_word' id='word_1_13' title='bbox 425 465 585 560; x_wconf 85' lang='lat' dir='ltr'>omnium</span> <span class='ocrx_word' id='word_1_14' title='bbox 609 476 760 567; x_wconf 80' lang='lat' dir='ltr'>coperit</span> <span class='ocrx_word' id='word_1_15' title='bbox 786 493 850 569; x_wconf 86' lang='lat' dir='ltr'>per</span> <span class='ocrx_word' id='word_1_16' title='bbox 876 475 1043 570; x_wconf 84' lang='lat' dir='ltr'>Spiritum</span> <span class='ocrx_word' id='word_1_17' title='bbox 1068 469 1237 570; x_wconf 72' lang='lat' dir='ltr'>santium,</span> 
     </span>
     <span class='ocr_line' id='line_1_3' title="bbox 168 546 1237 669; baseline 0 -18"><span class='ocrx_word' id='word_1_18' title='bbox 168 593 307 652; x_wconf 83' lang='lat' dir='ltr'>certum</span> <span class='ocrx_word' id='word_1_19' title='bbox 325 577 395 648; x_wconf 86' lang='lat' dir='ltr'>erit</span> <span class='ocrx_word' id='word_1_20' title='bbox 410 546 518 667; x_wconf 63' lang='lat' dir='ltr'>illstd,</span> <span class='ocrx_word' id='word_1_21' title='bbox 545 573 644 665; x_wconf 89' lang='lat' dir='ltr'>quod</span> <span class='ocrx_word' id='word_1_22' title='bbox 660 578 917 669; x_wconf 85' lang='lat' dir='ltr'>pronunciavit</span> <span class='ocrx_word' id='word_1_23' title='bbox 933 575 1237 668; x_wconf 76' lang='lat' dir='ltr'>Apostolos‚quit</span> 
     </span>
     <span class='ocr_line' id='line_1_4' title="bbox 165 674 1236 771; baseline 0 -23"><span class='ocrx_word' id='word_1_24' title='bbox 165 680 313 770; x_wconf 70' lang='lat' dir='ltr'>edomas</span> <span class='ocrx_word' id='word_1_25' title='bbox 331 678 572 771; x_wconf 79' lang='lat' dir='ltr'>Desnunquam</span> <span class='ocrx_word' id='word_1_26' title='bbox 587 678 689 747; x_wconf 64' lang='lat' dir='ltr'>eaden</span> <span class='ocrx_word' id='word_1_27' title='bbox 734 674 823 746; x_wconf 84' lang='lat' dir='ltr'>Haec</span> <span class='ocrx_word' id='word_1_28' title='bbox 848 688 958 766; x_wconf 86' lang='lat' dir='ltr'>prout</span> <span class='ocrx_word' id='word_1_29' title='bbox 982 679 1164 768; x_wconf 74' lang='lat' dir='ltr'>potuimus</span> <span class='ocrx_word' id='word_1_30' title='bbox 1191 675 1236 748; x_wconf 81' lang='lat' dir='ltr'>ad</span> 
     </span>
     <span class='ocr_line' id='line_1_5' title="bbox 168 772 1327 869; baseline 0 -19"><span class='ocrx_word' id='word_1_31' title='bbox 168 783 232 869; x_wconf 69' lang='lat' dir='ltr'>eal,</span> <span class='ocrx_word' id='word_1_32' title='bbox 261 789 339 868; x_wconf 80' lang='lat' dir='ltr'>quae</span> <span class='ocrx_word' id='word_1_33' title='bbox 354 773 429 848; x_wconf 91' lang='lat' dir='ltr'>hoc</span> <span class='ocrx_word' id='word_1_34' title='bbox 445 776 533 848; x_wconf 90' lang='lat' dir='ltr'>loco</span> <span class='ocrx_word' id='word_1_35' title='bbox 548 783 735 847; x_wconf 85' lang='lat' dir='ltr'>commota</span> <span class='ocrx_word' id='word_1_36' title='bbox 750 772 849 865; x_wconf 85' lang='lat' dir='ltr'>sunt,</span> <span class='ocrx_word' id='word_1_37' title='bbox 877 773 1046 861; x_wconf 82' lang='lat' dir='ltr'><strong>diximus,</strong></span> <span class='ocrx_word' id='word_1_38' title='bbox 1072 788 1114 846; x_wconf 91' lang='lat' dir='ltr'>ut</span> <span class='ocrx_word' id='word_1_39' title='bbox 1128 776 1238 850; x_wconf 86' lang='lat' dir='ltr'>mani·</span> <span class='ocrx_word' id='word_1_40' title='bbox 1312 821 1327 850; x_wconf 56' lang='lat' dir='ltr'>n</span> 
     </span>
     <span class='ocr_line' id='line_1_6' title="bbox 167 870 1238 969; baseline -0.001 -19"><span class='ocrx_word' id='word_1_41' title='bbox 167 875 291 951; x_wconf 82' lang='lat' dir='ltr'>festius</span> <span class='ocrx_word' id='word_1_42' title='bbox 309 870 541 967; x_wconf 76' lang='lat' dir='ltr'>claresceret,</span> <span class='ocrx_word' id='word_1_43' title='bbox 566 871 754 965; x_wconf 87' lang='lat' dir='ltr'>quomodo</span> <span class='ocrx_word' id='word_1_44' title='bbox 773 871 876 969; x_wconf 86' lang='lat' dir='ltr'>semel</span> <span class='ocrx_word' id='word_1_45' title='bbox 896 870 1053 945; x_wconf 84' lang='lat' dir='ltr'>Christus</span> <span class='ocrx_word' id='word_1_46' title='bbox 1072 885 1238 949; x_wconf 69' lang='lat' dir='ltr'>mortuus</span> 
     </span>
     <span class='ocr_line' id='line_1_7' title="bbox 167 971 1237 1068; baseline 0 -20"><span class='ocrx_word' id='word_1_47' title='bbox 167 975 220 1048; x_wconf 88' lang='lat' dir='ltr'>est</span> <span class='ocrx_word' id='word_1_48' title='bbox 235 986 411 1068; x_wconf 81' lang='lat' dir='ltr'>peccato,</span> <span class='ocrx_word' id='word_1_49' title='bbox 439 974 471 1046; x_wconf 80' lang='lat' dir='ltr'>dt</span> <span class='ocrx_word' id='word_1_50' title='bbox 489 974 580 1045; x_wconf 84' lang='lat' dir='ltr'>ultra</span> <span class='ocrx_word' id='word_1_51' title='bbox 593 973 664 1065; x_wconf 88' lang='lat' dir='ltr'>jam</span> <span class='ocrx_word' id='word_1_52' title='bbox 681 992 757 1045; x_wconf 91' lang='lat' dir='ltr'>non</span> <span class='ocrx_word' id='word_1_53' title='bbox 773 975 946 1060; x_wconf 63' lang='lat' dir='ltr'>moritum</span> <span class='ocrx_word' id='word_1_54' title='bbox 973 971 1006 1044; x_wconf 87' lang='lat' dir='ltr'>dt</span> <span class='ocrx_word' id='word_1_55' title='bbox 1031 975 1111 1063; x_wconf 91' lang='lat' dir='ltr'>quia</span> <span class='ocrx_word' id='word_1_56' title='bbox 1138 974 1237 1064; x_wconf 88' lang='lat' dir='ltr'>quod</span> 
     </span>
     <span class='ocr_line' id='line_1_8' title="bbox 165 1071 1260 1168; baseline -0.002 -21"><span class='ocrx_word' id='word_1_57' title='bbox 165 1076 284 1166; x_wconf 85' lang='lat' dir='ltr'>vivit,</span> <span class='ocrx_word' id='word_1_58' title='bbox 309 1074 406 1144; x_wconf 85' lang='lat' dir='ltr'>vivit</span> <span class='ocrx_word' id='word_1_59' title='bbox 424 1073 516 1146; x_wconf 87' lang='lat' dir='ltr'>Deo.</span> <span class='ocrx_word' id='word_1_60' title='bbox 568 1073 707 1145; x_wconf 85' lang='lat' dir='ltr'>Vivere</span> <span class='ocrx_word' id='word_1_61' title='bbox 724 1086 843 1145; x_wconf 82' lang='lat' dir='ltr'>autem</span> <span class='ocrx_word' id='word_1_62' title='bbox 861 1071 944 1144; x_wconf 84' lang='lat' dir='ltr'>Deo</span> <span class='ocrx_word' id='word_1_63' title='bbox 968 1074 1017 1143; x_wconf 87' lang='lat' dir='ltr'>ita</span> <span class='ocrx_word' id='word_1_64' title='bbox 1036 1074 1237 1168; x_wconf 85' lang='lat' dir='ltr'>intelligen·</span> <span class='ocrx_word' id='word_1_65' title='bbox 1258 1077 1260 1082; x_wconf 83' lang='grc'><strong>’</strong></span> 
     </span>
     <span class='ocr_line' id='line_1_9' title="bbox 120 1167 1235 1270; baseline -0.006 -17"><span class='ocrx_word' id='word_1_66' title='bbox 120 1241 125 1253; x_wconf 93' lang='grc'><em>,</em></span> <span class='ocrx_word' id='word_1_67' title='bbox 165 1171 336 1256; x_wconf 86' lang='lat' dir='ltr'>domest,</span> <span class='ocrx_word' id='word_1_68' title='bbox 363 1171 454 1270; x_wconf 75' lang='lat' dir='ltr'>quasi</span> <span class='ocrx_word' id='word_1_69' title='bbox 474 1173 623 1263; x_wconf 85' lang='lat' dir='ltr'>expleto</span> <span class='ocrx_word' id='word_1_70' title='bbox 637 1191 698 1262; x_wconf 88' lang='lat' dir='ltr'>eo,</span> <span class='ocrx_word' id='word_1_71' title='bbox 714 1172 812 1256; x_wconf 79' lang='lat' dir='ltr'>quod</span> <span class='ocrx_word' id='word_1_72' title='bbox 827 1172 862 1243; x_wconf 91' lang='lat' dir='ltr'>in</span> <span class='ocrx_word' id='word_1_73' title='bbox 879 1167 997 1245; x_wconf 82' lang='lat' dir='ltr'>forma</span> <span class='ocrx_word' id='word_1_74' title='bbox 1014 1172 1082 1244; x_wconf 88' lang='lat' dir='ltr'>Dei</span> <span class='ocrx_word' id='word_1_75' title='bbox 1099 1171 1235 1265; x_wconf 73' lang='lat' dir='ltr'>positus</span> 
     </span>
     <span class='ocr_line' id='line_1_10' title="bbox 167 1269 1235 1364; baseline 0 -18"><span class='ocrx_word' id='word_1_76' title='bbox 167 1271 371 1346; x_wconf 82' lang='lat' dir='ltr'>exinanivit</span> <span class='ocrx_word' id='word_1_77' title='bbox 390 1269 633 1363; x_wconf 88' lang='lat' dir='ltr'>semetipsum,</span> <span class='ocrx_word' id='word_1_78' title='bbox 660 1272 694 1342; x_wconf 82' lang='lat' dir='ltr'>dt</span> <span class='ocrx_word' id='word_1_79' title='bbox 720 1270 870 1344; x_wconf 84' lang='lat' dir='ltr'>sormam</span> <span class='ocrx_word' id='word_1_80' title='bbox 893 1269 985 1342; x_wconf 87' lang='lat' dir='ltr'>servi</span> <span class='ocrx_word' id='word_1_81' title='bbox 1012 1272 1171 1364; x_wconf 78' lang='lat' dir='ltr'>accepit,</span> <span class='ocrx_word' id='word_1_82' title='bbox 1200 1273 1235 1346; x_wconf 85' lang='lat' dir='ltr'>dc</span> 
     </span>
     <span class='ocr_line' id='line_1_11' title="bbox 163 1363 1284 1464; baseline -0.002 -17"><span class='ocrx_word' id='word_1_83' title='bbox 163 1371 277 1447; x_wconf 81' lang='lat' dir='ltr'>sadtus</span> <span class='ocrx_word' id='word_1_84' title='bbox 297 1367 348 1445; x_wconf 86' lang='lat' dir='ltr'>est</span> <span class='ocrx_word' id='word_1_85' title='bbox 368 1373 540 1443; x_wconf 87' lang='lat' dir='ltr'>obediens</span> <span class='ocrx_word' id='word_1_86' title='bbox 560 1363 731 1461; x_wconf 72' lang='lat' dir='ltr'>dsqueiad</span> <span class='ocrx_word' id='word_1_87' title='bbox 747 1388 925 1460; x_wconf 86' lang='lat' dir='ltr'>mortem,</span> <span class='ocrx_word' id='word_1_88' title='bbox 943 1368 1076 1445; x_wconf 88' lang='lat' dir='ltr'>rursum</span> <span class='ocrx_word' id='word_1_89' title='bbox 1099 1389 1234 1464; x_wconf 87' lang='lat' dir='ltr'>penna·</span> <span class='ocrx_word' id='word_1_90' title='bbox 1279 1382 1284 1390; x_wconf 82' lang='lat'><strong><em>&#39;</em></strong></span> 
     </span>
     <span class='ocr_line' id='line_1_12' title="bbox 130 1468 1235 1561; baseline -0.004 -15"><span class='ocrx_word' id='word_1_91' title='bbox 130 1500 134 1509; x_wconf 94' lang='lat'>·</span> <span class='ocrx_word' id='word_1_92' title='bbox 164 1483 251 1546; x_wconf 87' lang='lat' dir='ltr'>neat</span> <span class='ocrx_word' id='word_1_93' title='bbox 268 1474 303 1546; x_wconf 92' lang='lat' dir='ltr'>in</span> <span class='ocrx_word' id='word_1_94' title='bbox 323 1469 440 1543; x_wconf 82' lang='lat' dir='ltr'>forma</span> <span class='ocrx_word' id='word_1_95' title='bbox 458 1468 528 1542; x_wconf 86' lang='lat' dir='ltr'>Dei</span> <span class='ocrx_word' id='word_1_96' title='bbox 545 1485 653 1561; x_wconf 85' lang='lat' dir='ltr'>atque</span> <span class='ocrx_word' id='word_1_97' title='bbox 666 1471 808 1561; x_wconf 73' lang='lat' dir='ltr'>equalis</span> <span class='ocrx_word' id='word_1_98' title='bbox 823 1468 927 1544; x_wconf 85' lang='lat' dir='ltr'>Patri.</span> <span class='ocrx_word' id='word_1_99' title='bbox 960 1468 1070 1542; x_wconf 84' lang='lat' dir='ltr'>Unde</span> <span class='ocrx_word' id='word_1_100' title='bbox 1086 1470 1118 1543; x_wconf 81' lang='lat' dir='ltr'>dc</span> <span class='ocrx_word' id='word_1_101' title='bbox 1133 1470 1235 1542; x_wconf 86' lang='lat' dir='ltr'>m&#39;eti·</span> 
     </span>
     <span class='ocr_line' id='line_1_13' title="bbox 165 1567 1233 1665; baseline -0.003 -20"><span class='ocrx_word' id='word_1_102' title='bbox 165 1589 208 1645; x_wconf 94' lang='lat' dir='ltr'>to</span> <span class='ocrx_word' id='word_1_103' title='bbox 229 1574 267 1644; x_wconf 91' lang='lat' dir='ltr'>in</span> <span class='ocrx_word' id='word_1_104' title='bbox 283 1567 587 1662; x_wconf 80' lang='lat' dir='ltr'>consequentibus</span> <span class='ocrx_word' id='word_1_105' title='bbox 603 1570 729 1661; x_wconf 87' lang='lat' dir='ltr'>ponit:</span> <span class='ocrx_word' id='word_1_106' title='bbox 765 1574 817 1641; x_wconf 77' lang='lat' dir='ltr'>Ita</span> <span class='ocrx_word' id='word_1_107' title='bbox 841 1570 879 1646; x_wconf 72' lang='grc' dir='ltr'><em>ο</em></span> <span class='ocrx_word' id='word_1_108' title='bbox 903 1595 958 1640; x_wconf 79' lang='lat' dir='ltr'>vos</span> <span class='ocrx_word' id='word_1_109' title='bbox 980 1572 1152 1665; x_wconf 56' lang='lat' dir='ltr'>existimate</span> <span class='ocrx_word' id='word_1_110' title='bbox 1171 1595 1233 1658; x_wconf 53' lang='lat' dir='ltr'>¹noos</span> 
     </span>
     <span class='ocr_line' id='line_1_14' title="bbox 164 1665 1233 1765; baseline -0.001 -23"><span class='ocrx_word' id='word_1_111' title='bbox 164 1688 303 1742; x_wconf 76' lang='lat' dir='ltr'>mortuos</span> <span class='ocrx_word' id='word_1_112' title='bbox 318 1671 441 1765; x_wconf 74' lang='lat' dir='ltr'>quidem</span> <span class='ocrx_word' id='word_1_113' title='bbox 457 1665 511 1758; x_wconf 73' lang='lat' dir='ltr'>effe</span> <span class='ocrx_word' id='word_1_114' title='bbox 523 1687 661 1765; x_wconf 76' lang='lat' dir='ltr'>peccato,</span> <span class='ocrx_word' id='word_1_115' title='bbox 688 1674 836 1740; x_wconf 76' lang='lat' dir='ltr'>viventes</span> <span class='ocrx_word' id='word_1_116' title='bbox 853 1686 956 1740; x_wconf 80' lang='lat' dir='ltr'>autem</span> <span class='ocrx_word' id='word_1_117' title='bbox 978 1674 1042 1739; x_wconf 85' lang='lat' dir='ltr'>Deo</span> <span class='ocrx_word' id='word_1_118' title='bbox 1058 1696 1092 1739; x_wconf 84' lang='lat' dir='ltr'>tn</span> <span class='ocrx_word' id='word_1_119' title='bbox 1112 1670 1233 1765; x_wconf 70' lang='lat' dir='ltr'>Christo</span> 
     </span>
     <span class='ocr_line' id='line_1_15' title="bbox 170 1763 1233 1868; baseline -0.003 -24"><span class='ocrx_word' id='word_1_120' title='bbox 170 1773 249 1868; x_wconf 77' lang='lat' dir='ltr'>Jesu</span> <span class='ocrx_word' id='word_1_121' title='bbox 262 1775 396 1841; x_wconf 78' lang='lat' dir='ltr'>Domino</span> <span class='ocrx_word' id='word_1_122' title='bbox 410 1768 527 1865; x_wconf 69' lang='lat' dir='ltr'>nostro:</span> <span class='ocrx_word' id='word_1_123' title='bbox 555 1787 628 1859; x_wconf 88' lang='lat' dir='ltr'>quo</span> <span class='ocrx_word' id='word_1_124' title='bbox 645 1763 781 1841; x_wconf 84' lang='lat' dir='ltr'>scilicet</span> <span class='ocrx_word' id='word_1_125' title='bbox 796 1769 997 1842; x_wconf 81' lang='lat' dir='ltr'>imitatione</span> <span class='ocrx_word' id='word_1_126' title='bbox 1008 1767 1135 1841; x_wconf 86' lang='lat' dir='ltr'>Christi</span> <span class='ocrx_word' id='word_1_127' title='bbox 1152 1790 1233 1862; x_wconf 87' lang='lat' dir='ltr'>pec·</span> 
     </span>
     <span class='ocr_line' id='line_1_16' title="bbox 159 1866 1232 1960; baseline 0.001 -17"><span class='ocrx_word' id='word_1_128' title='bbox 159 1885 251 1954; x_wconf 66' lang='lat' dir='ltr'>,cato</span> <span class='ocrx_word' id='word_1_129' title='bbox 269 1871 463 1958; x_wconf 86' lang='lat' dir='ltr'>moriamur</span> <span class='ocrx_word' id='word_1_130' title='bbox 480 1868 585 1941; x_wconf 83' lang='lat' dir='ltr'>alieni</span> <span class='ocrx_word' id='word_1_131' title='bbox 607 1869 649 1939; x_wconf 89' lang='lat' dir='ltr'>ab</span> <span class='ocrx_word' id='word_1_132' title='bbox 669 1888 716 1940; x_wconf 87' lang='lat' dir='ltr'>eo</span> <span class='ocrx_word' id='word_1_133' title='bbox 734 1866 875 1960; x_wconf 74' lang='lat' dir='ltr'>effodi,</span> <span class='ocrx_word' id='word_1_134' title='bbox 904 1870 936 1938; x_wconf 85' lang='lat' dir='ltr'>dt</span> <span class='ocrx_word' id='word_1_135' title='bbox 960 1869 1040 1942; x_wconf 81' lang='lat' dir='ltr'>Deo</span> <span class='ocrx_word' id='word_1_136' title='bbox 1064 1871 1232 1944; x_wconf 81' lang='lat' dir='ltr'>&#39;vivamua</span> 
     </span>
     <span class='ocr_line' id='line_1_17' title="bbox 162 1961 1232 2065; baseline 0.005 -24"><span class='ocrx_word' id='word_1_137' title='bbox 162 1969 355 2065; x_wconf 72' lang='lat' dir='ltr'>jungentes</span> <span class='ocrx_word' id='word_1_138' title='bbox 372 1985 440 2041; x_wconf 82' lang='lat' dir='ltr'>noa</span> <span class='ocrx_word' id='word_1_139' title='bbox 455 1965 503 2060; x_wconf 84' lang='lat' dir='ltr'>ei,</span> <span class='ocrx_word' id='word_1_140' title='bbox 522 1965 660 2039; x_wconf 82' lang='lat' dir='ltr'>&amp;unua</span> <span class='ocrx_word' id='word_1_141' title='bbox 678 1986 758 2041; x_wconf 88' lang='lat' dir='ltr'>cum</span> <span class='ocrx_word' id='word_1_142' title='bbox 776 1961 851 2059; x_wconf 78' lang='lat' dir='ltr'>ipso</span> <span class='ocrx_word' id='word_1_143' title='bbox 867 1967 1005 2060; x_wconf 82' lang='lat' dir='ltr'>spiritus</span> <span class='ocrx_word' id='word_1_144' title='bbox 1022 1964 1113 2043; x_wconf 72' lang='lat' dir='ltr'>fasti.</span> <span class='ocrx_word' id='word_1_145' title='bbox 1140 1968 1232 2046; x_wconf 86' lang='lat' dir='ltr'>Non</span> 
     </span>
     <span class='ocr_line' id='line_1_18' title="bbox 165 2064 1233 2163; baseline -0.008 -19"><span class='ocrx_word' id='word_1_146' title='bbox 165 2066 240 2146; x_wconf 87' lang='lat' dir='ltr'>fine</span> <span class='ocrx_word' id='word_1_147' title='bbox 256 2068 357 2141; x_wconf 84' lang='lat' dir='ltr'>causa</span> <span class='ocrx_word' id='word_1_148' title='bbox 375 2080 492 2141; x_wconf 87' lang='lat' dir='ltr'>autem</span> <span class='ocrx_word' id='word_1_149' title='bbox 510 2067 583 2140; x_wconf 89' lang='lat' dir='ltr'>hoc</span> <span class='ocrx_word' id='word_1_150' title='bbox 600 2066 709 2138; x_wconf 86' lang='lat' dir='ltr'>dixit:</span> <span class='ocrx_word' id='word_1_151' title='bbox 745 2067 931 2163; x_wconf 73' lang='lat' dir='ltr'>Existimate</span> <span class='ocrx_word' id='word_1_152' title='bbox 946 2089 1001 2137; x_wconf 79' lang='lat' dir='ltr'>vos</span> <span class='ocrx_word' id='word_1_153' title='bbox 1023 2088 1159 2139; x_wconf 75' lang='lat' dir='ltr'>mortuos</span> <span class='ocrx_word' id='word_1_154' title='bbox 1177 2064 1233 2160; x_wconf 70' lang='lat' dir='ltr'>eff«</span> 
     </span>
     <span class='ocr_line' id='line_1_19' title="bbox 161 2163 1231 2268; baseline 0 -29"><span class='ocrx_word' id='word_1_155' title='bbox 161 2186 303 2268; x_wconf 77' lang='lat' dir='ltr'>peccato:</span> <span class='ocrx_word' id='word_1_156' title='bbox 330 2167 428 2260; x_wconf 88' lang='lat' dir='ltr'>quod</span> <span class='ocrx_word' id='word_1_157' title='bbox 451 2167 577 2241; x_wconf 84' lang='lat' dir='ltr'>melius</span> <span class='ocrx_word' id='word_1_158' title='bbox 605 2165 748 2257; x_wconf 83' lang='lat' dir='ltr'>quidem</span> <span class='ocrx_word' id='word_1_159' title='bbox 768 2169 804 2239; x_wconf 91' lang='lat' dir='ltr'>io</span> <span class='ocrx_word' id='word_1_160' title='bbox 823 2163 953 2240; x_wconf 80' lang='lat' dir='ltr'>Graeco</span> <span class='ocrx_word' id='word_1_161' title='bbox 973 2169 1142 2240; x_wconf 86' lang='lat' dir='ltr'>habetor:</span> <span class='ocrx_word' id='word_1_162' title='bbox 1172 2173 1231 2240; x_wconf 81' lang='lat' dir='ltr'>Co·</span> 
     </span>
     <span class='ocr_line' id='line_1_20' title="bbox 161 2261 1230 2364; baseline 0.007 -27"><span class='ocrx_word' id='word_1_163' title='bbox 161 2275 266 2364; x_wconf 74' lang='lat' dir='ltr'>gitate</span> <span class='ocrx_word' id='word_1_164' title='bbox 280 2291 335 2338; x_wconf 81' lang='lat' dir='ltr'>vos</span> <span class='ocrx_word' id='word_1_165' title='bbox 352 2281 487 2338; x_wconf 81' lang='lat' dir='ltr'>mortuos</span> <span class='ocrx_word' id='word_1_166' title='bbox 506 2263 560 2357; x_wconf 78' lang='lat' dir='ltr'>effe</span> <span class='ocrx_word' id='word_1_167' title='bbox 574 2283 704 2360; x_wconf 81' lang='lat' dir='ltr'>peccato.</span> <span class='ocrx_word' id='word_1_168' title='bbox 732 2261 803 2338; x_wconf 86' lang='lat' dir='ltr'>Res</span> <span class='ocrx_word' id='word_1_169' title='bbox 824 2269 939 2357; x_wconf 82' lang='lat' dir='ltr'>enim,</span> <span class='ocrx_word' id='word_1_170' title='bbox 968 2268 1012 2340; x_wconf 86' lang='lat' dir='ltr'>de</span> <span class='ocrx_word' id='word_1_171' title='bbox 1029 2287 1097 2358; x_wconf 87' lang='lat' dir='ltr'>qua</span> <span class='ocrx_word' id='word_1_172' title='bbox 1113 2268 1230 2344; x_wconf 80' lang='lat' dir='ltr'>sermo</span> 
     </span>
     <span class='ocr_line' id='line_1_21' title="bbox 167 2363 1232 2462; baseline -0.002 -19"><span class='ocrx_word' id='word_1_173' title='bbox 167 2365 239 2458; x_wconf 79' lang='lat' dir='ltr'>est,</span> <span class='ocrx_word' id='word_1_174' title='bbox 256 2371 293 2440; x_wconf 92' lang='lat' dir='ltr'>in</span> <span class='ocrx_word' id='word_1_175' title='bbox 310 2363 533 2462; x_wconf 81' lang='lat' dir='ltr'>cogitatione</span> <span class='ocrx_word' id='word_1_176' title='bbox 551 2367 658 2460; x_wconf 79' lang='lat' dir='ltr'>magis</span> <span class='ocrx_word' id='word_1_177' title='bbox 678 2365 709 2434; x_wconf 69' lang='lat' dir='ltr'>dc</span> <span class='ocrx_word' id='word_1_178' title='bbox 726 2368 868 2438; x_wconf 84' lang='lat' dir='ltr'>ratione</span> <span class='ocrx_word' id='word_1_179' title='bbox 889 2364 1055 2455; x_wconf 77' lang='lat' dir='ltr'>subidit,</span> <span class='ocrx_word' id='word_1_180' title='bbox 1071 2371 1151 2459; x_wconf 89' lang='lat' dir='ltr'>quia</span> <span class='ocrx_word' id='word_1_181' title='bbox 1166 2372 1232 2441; x_wconf 88' lang='lat' dir='ltr'>htt·</span> 
     </span>
     <span class='ocr_line' id='line_1_22' title="bbox 159 2460 1232 2564; baseline 0 -23"><span class='ocrx_word' id='word_1_182' title='bbox 159 2468 319 2564; x_wconf 85' lang='lat' dir='ltr'>jusmodi</span> <span class='ocrx_word' id='word_1_183' title='bbox 344 2483 442 2539; x_wconf 81' lang='lat' dir='ltr'>mors</span> <span class='ocrx_word' id='word_1_184' title='bbox 464 2483 541 2537; x_wconf 89' lang='lat' dir='ltr'>non</span> <span class='ocrx_word' id='word_1_185' title='bbox 565 2468 601 2536; x_wconf 91' lang='lat' dir='ltr'>in</span> <span class='ocrx_word' id='word_1_186' title='bbox 618 2460 771 2554; x_wconf 70' lang='lat' dir='ltr'>effodio,</span> <span class='ocrx_word' id='word_1_187' title='bbox 796 2463 855 2537; x_wconf 92' lang='lat' dir='ltr'>sed</span> <span class='ocrx_word' id='word_1_188' title='bbox 873 2465 911 2536; x_wconf 90' lang='lat' dir='ltr'>in</span> <span class='ocrx_word' id='word_1_189' title='bbox 929 2467 1153 2562; x_wconf 79' lang='lat' dir='ltr'>cogitatione</span> <span class='ocrx_word' id='word_1_190' title='bbox 1167 2469 1232 2541; x_wconf 83' lang='lat' dir='ltr'>ha·</span> 
     </span>
     <span class='ocr_line' id='line_1_23' title="bbox 165 2561 1334 2662; baseline -0.002 -20"><span class='ocrx_word' id='word_1_191' title='bbox 165 2567 283 2642; x_wconf 81' lang='lat' dir='ltr'>benda</span> <span class='ocrx_word' id='word_1_192' title='bbox 299 2561 360 2640; x_wconf 84' lang='lat' dir='ltr'>est.</span> <span class='ocrx_word' id='word_1_193' title='bbox 412 2565 486 2662; x_wconf 89' lang='lat' dir='ltr'>Qui</span> <span class='ocrx_word' id='word_1_194' title='bbox 512 2563 606 2637; x_wconf 86' lang='lat' dir='ltr'>enim</span> <span class='ocrx_word' id='word_1_195' title='bbox 632 2565 770 2658; x_wconf 87' lang='lat' dir='ltr'>cogitat</span> <span class='ocrx_word' id='word_1_196' title='bbox 795 2565 855 2638; x_wconf 89' lang='lat' dir='ltr'>vel</span> <span class='ocrx_word' id='word_1_197' title='bbox 874 2562 1049 2639; x_wconf 85' lang='lat' dir='ltr'>existimat</span> <span class='ocrx_word' id='word_1_198' title='bbox 1066 2567 1159 2657; x_wconf 87' lang='lat' dir='ltr'>apud</span> <span class='ocrx_word' id='word_1_199' title='bbox 1180 2565 1233 2640; x_wconf 87' lang='lat' dir='ltr'>se·</span> <span class='ocrx_word' id='word_1_200' title='bbox 1332 2617 1334 2628; x_wconf 85' lang='lat'>·</span> 
     </span>
     <span class='ocr_line' id='line_1_24' title="bbox 164 2657 1232 2760; baseline -0.006 -15"><span class='ocrx_word' id='word_1_201' title='bbox 164 2664 375 2760; x_wconf 73' lang='lat' dir='ltr'>metipsum,</span> <span class='ocrx_word' id='word_1_202' title='bbox 400 2676 583 2738; x_wconf 88' lang='lat' dir='ltr'>mortuum</span> <span class='ocrx_word' id='word_1_203' title='bbox 598 2657 633 2735; x_wconf 86' lang='lat' dir='ltr'>se</span> <span class='ocrx_word' id='word_1_204' title='bbox 649 2661 739 2756; x_wconf 84' lang='lat' dir='ltr'>esse,</span> <span class='ocrx_word' id='word_1_205' title='bbox 765 2683 839 2735; x_wconf 91' lang='lat' dir='ltr'>non</span> <span class='ocrx_word' id='word_1_206' title='bbox 856 2677 995 2755; x_wconf 84' lang='lat' dir='ltr'>peccat.</span> <span class='ocrx_word' id='word_1_207' title='bbox 1027 2663 1140 2738; x_wconf 84' lang='lat' dir='ltr'>Verbi</span> <span class='ocrx_word' id='word_1_208' title='bbox 1157 2686 1232 2760; x_wconf 83' lang='lat' dir='ltr'>gra·</span> 
     </span>
     <span class='ocr_line' id='line_1_25' title="bbox 163 2761 1230 2861; baseline -0.002 -21"><span class='ocrx_word' id='word_1_209' title='bbox 163 2770 236 2840; x_wconf 89' lang='lat' dir='ltr'>tia:</span> <span class='ocrx_word' id='word_1_210' title='bbox 258 2764 285 2839; x_wconf 81' lang='lat' dir='ltr'>ss</span> <span class='ocrx_word' id='word_1_211' title='bbox 308 2785 367 2839; x_wconf 92' lang='lat' dir='ltr'>me</span> <span class='ocrx_word' id='word_1_212' title='bbox 390 2761 682 2856; x_wconf 77' lang='lat' dir='ltr'>eoncupiscentia</span> <span class='ocrx_word' id='word_1_213' title='bbox 699 2765 855 2836; x_wconf 83' lang='lat' dir='ltr'>mulieris</span> <span class='ocrx_word' id='word_1_214' title='bbox 876 2765 1011 2850; x_wconf 77' lang='lat' dir='ltr'>trahat3</span> <span class='ocrx_word' id='word_1_215' title='bbox 1039 2764 1230 2861; x_wconf 77' lang='lat' dir='ltr'>fingenti,</span> 
     </span>
     <span class='ocr_line' id='line_1_26' title="bbox 163 2853 1230 2957; baseline -0.003 -16"><span class='ocrx_word' id='word_1_216' title='bbox 163 2867 190 2942; x_wconf 78' lang='lat' dir='ltr'>st</span> <span class='ocrx_word' id='word_1_217' title='bbox 213 2865 305 2957; x_wconf 81' lang='lat' dir='ltr'>auri,</span> <span class='ocrx_word' id='word_1_218' title='bbox 331 2861 493 2957; x_wconf 85' lang='lat' dir='ltr'>stpraedii</span> <span class='ocrx_word' id='word_1_219' title='bbox 510 2855 685 2956; x_wconf 81' lang='lat' dir='ltr'>cupiditas</span> <span class='ocrx_word' id='word_1_220' title='bbox 701 2860 834 2956; x_wconf 82' lang='lat' dir='ltr'>pulset,</span> <span class='ocrx_word' id='word_1_221' title='bbox 860 2863 895 2936; x_wconf 78' lang='lat' dir='ltr'>dt</span> <span class='ocrx_word' id='word_1_222' title='bbox 914 2853 1099 2957; x_wconf 78' lang='lat' dir='ltr'>ponamin</span> <span class='ocrx_word' id='word_1_223' title='bbox 1117 2864 1230 2938; x_wconf 82' lang='lat' dir='ltr'>corde</span> 
     </span>
     <span class='ocr_line' id='line_1_27' title="bbox 163 2959 1229 3055; baseline -0.004 -13"><span class='ocrx_word' id='word_1_224' title='bbox 163 2985 271 3050; x_wconf 85' lang='lat' dir='ltr'>tneo,</span> <span class='ocrx_word' id='word_1_225' title='bbox 296 2964 395 3055; x_wconf 88' lang='lat' dir='ltr'>quod</span> <span class='ocrx_word' id='word_1_226' title='bbox 418 2975 582 3035; x_wconf 84' lang='lat' dir='ltr'>mortuus</span> <span class='ocrx_word' id='word_1_227' title='bbox 605 2959 664 3036; x_wconf 80' lang='lat' dir='ltr'>ssn&#39;t</span> <span class='ocrx_word' id='word_1_228' title='bbox 688 2981 768 3036; x_wconf 91' lang='lat' dir='ltr'>cum</span> <span class='ocrx_word' id='word_1_229' title='bbox 794 2959 957 3054; x_wconf 85' lang='lat' dir='ltr'>Christo,</span> <span class='ocrx_word' id='word_1_230' title='bbox 984 2964 1018 3034; x_wconf 86' lang='lat' dir='ltr'>dt</span> <span class='ocrx_word' id='word_1_231' title='bbox 1043 2966 1087 3036; x_wconf 85' lang='lat' dir='ltr'>de</span> <span class='ocrx_word' id='word_1_232' title='bbox 1110 2981 1229 3038; x_wconf 86' lang='lat' dir='ltr'>morte</span> 
     </span>
     <span class='ocr_line' id='line_1_28' title="bbox 168 3054 1298 3161; baseline -0.002 -21"><span class='ocrx_word' id='word_1_233' title='bbox 168 3066 347 3161; x_wconf 82' lang='lat' dir='ltr'>cogitem,</span> <span class='ocrx_word' id='word_1_234' title='bbox 373 3059 606 3158; x_wconf 82' lang='lat' dir='ltr'>exstinguitur</span> <span class='ocrx_word' id='word_1_235' title='bbox 621 3064 800 3134; x_wconf 88' lang='lat' dir='ltr'>continuo</span> <span class='ocrx_word' id='word_1_236' title='bbox 817 3061 1104 3153; x_wconf 83' lang='lat' dir='ltr'>concupiscentia</span> <span class='ocrx_word' id='word_1_237' title='bbox 1129 3063 1231 3138; x_wconf 72' lang='lat' dir='ltr'>sies·</span> <span class='ocrx_word' id='word_1_238' title='bbox 1295 3054 1298 3069; x_wconf 82' lang='grc'><strong><em>’</em></strong></span> 
     </span>
     <span class='ocr_line' id='line_1_29' title="bbox 166 3159 1231 3259; baseline -0.001 -22"><span class='ocrx_word' id='word_1_239' title='bbox 166 3161 310 3259; x_wconf 85' lang='lat' dir='ltr'>fugatur</span> <span class='ocrx_word' id='word_1_240' title='bbox 326 3177 527 3255; x_wconf 85' lang='lat' dir='ltr'>peccatum.</span> <span class='ocrx_word' id='word_1_241' title='bbox 554 3160 630 3233; x_wconf 82' lang='lat' dir='ltr'>Aut</span> <span class='ocrx_word' id='word_1_242' title='bbox 647 3159 670 3233; x_wconf 75' lang='lat' dir='ltr'>si</span> <span class='ocrx_word' id='word_1_243' title='bbox 688 3162 776 3233; x_wconf 90' lang='lat' dir='ltr'>odio</span> <span class='ocrx_word' id='word_1_244' title='bbox 796 3164 853 3234; x_wconf 85' lang='lat' dir='ltr'>vei</span> <span class='ocrx_word' id='word_1_245' title='bbox 871 3165 920 3233; x_wconf 85' lang='lat' dir='ltr'>ira</span> <span class='ocrx_word' id='word_1_246' title='bbox 936 3161 1171 3237; x_wconf 84' lang='lat' dir='ltr'>inflammatus</span> <span class='ocrx_word' id='word_1_247' title='bbox 1187 3165 1231 3236; x_wconf 89' lang='lat' dir='ltr'>ad</span> 
     </span>
     <span class='ocr_line' id='line_1_30' title="bbox 166 3259 1231 3346; baseline 0.001 -9"><span class='ocrx_word' id='word_1_248' title='bbox 166 3274 292 3337; x_wconf 82' lang='lat' dir='ltr'>necem</span> <span class='ocrx_word' id='word_1_249' title='bbox 303 3261 612 3336; x_wconf 86' lang='lat' dir='ltr'>conciterinimici</span> <span class='ocrx_word' id='word_1_250' title='bbox 623 3263 714 3346; x_wconf 79' lang='lat' dir='ltr'>mei3</span> <span class='ocrx_word' id='word_1_251' title='bbox 740 3259 1038 3336; x_wconf 83' lang='lat' dir='ltr'>fimeexistimam</span> <span class='ocrx_word' id='word_1_252' title='bbox 1049 3279 1231 3338; x_wconf 86' lang='lat' dir='ltr'>mortuum</span> 
     </span>
     <span class='ocr_line' id='line_1_31' title="bbox 165 3358 1232 3456; baseline -0.001 -20"><span class='ocrx_word' id='word_1_253' title='bbox 165 3361 333 3437; x_wconf 82' lang='lat' dir='ltr'>effecum</span> <span class='ocrx_word' id='word_1_254' title='bbox 349 3358 547 3443; x_wconf 69' lang='lat' dir='ltr'>christo&amp;</span> <span class='ocrx_word' id='word_1_255' title='bbox 561 3361 803 3456; x_wconf 84' lang='lat' dir='ltr'>cogitationes</span> <span class='ocrx_word' id='word_1_256' title='bbox 818 3362 944 3435; x_wconf 79' lang='lat' dir='ltr'>mortio</span> <span class='ocrx_word' id='word_1_257' title='bbox 960 3381 1092 3455; x_wconf 85' lang='lat' dir='ltr'>ponam</span> <span class='ocrx_word' id='word_1_258' title='bbox 1110 3365 1145 3435; x_wconf 89' lang='lat' dir='ltr'>in</span> <span class='ocrx_word' id='word_1_259' title='bbox 1161 3365 1232 3435; x_wconf 89' lang='lat' dir='ltr'>ani·</span> 
     </span>
     <span class='ocr_line' id='line_1_32' title="bbox 163 3456 1231 3557; baseline -0.004 -18"><span class='ocrx_word' id='word_1_260' title='bbox 163 3483 228 3539; x_wconf 89' lang='lat' dir='ltr'>mo</span> <span class='ocrx_word' id='word_1_261' title='bbox 247 3480 355 3552; x_wconf 84' lang='lat' dir='ltr'>meo,</span> <span class='ocrx_word' id='word_1_262' title='bbox 381 3458 615 3555; x_wconf 84' lang='lat' dir='ltr'>exstinguitur</span> <span class='ocrx_word' id='word_1_263' title='bbox 630 3457 703 3533; x_wconf 89' lang='lat' dir='ltr'>sme</span> <span class='ocrx_word' id='word_1_264' title='bbox 721 3460 832 3533; x_wconf 89' lang='lat' dir='ltr'>dubio</span> <span class='ocrx_word' id='word_1_265' title='bbox 848 3456 964 3552; x_wconf 85' lang='lat' dir='ltr'>furor,</span> <span class='ocrx_word' id='word_1_266' title='bbox 976 3458 1231 3557; x_wconf 79' lang='lat' dir='ltr'>cess‘atodiom,</span> 
     </span>
     <span class='ocr_line' id='line_1_33' title="bbox 165 3558 1232 3655; baseline -0.001 -18"><span class='ocrx_word' id='word_1_267' title='bbox 165 3558 390 3655; x_wconf 88' lang='lat' dir='ltr'>conquiescit</span> <span class='ocrx_word' id='word_1_268' title='bbox 405 3562 470 3649; x_wconf 85' lang='lat' dir='ltr'>ira,</span> <span class='ocrx_word' id='word_1_269' title='bbox 486 3574 641 3654; x_wconf 87' lang='lat' dir='ltr'>peccato</span> <span class='ocrx_word' id='word_1_270' title='bbox 657 3580 732 3632; x_wconf 91' lang='lat' dir='ltr'>non</span> <span class='ocrx_word' id='word_1_271' title='bbox 749 3563 851 3631; x_wconf 85' lang='lat' dir='ltr'>datur</span> <span class='ocrx_word' id='word_1_272' title='bbox 866 3561 993 3652; x_wconf 74' lang='lat' dir='ltr'>locut,</span> <span class='ocrx_word' id='word_1_273' title='bbox 1020 3560 1054 3632; x_wconf 85' lang='lat' dir='ltr'>dt</span> <span class='ocrx_word' id='word_1_274' title='bbox 1069 3562 1141 3635; x_wconf 92' lang='lat' dir='ltr'>hoc</span> <span class='ocrx_word' id='word_1_275' title='bbox 1154 3579 1232 3636; x_wconf 77' lang='lat' dir='ltr'>mo·</span> 
     </span>
     <span class='ocr_line' id='line_1_34' title="bbox 166 3649 1340 3756; baseline 0 -21"><span class='ocrx_word' id='word_1_276' title='bbox 166 3659 217 3737; x_wconf 92' lang='lat' dir='ltr'>do</span> <span class='ocrx_word' id='word_1_277' title='bbox 233 3673 388 3756; x_wconf 87' lang='lat' dir='ltr'>peccato</span> <span class='ocrx_word' id='word_1_278' title='bbox 405 3660 483 3751; x_wconf 86' lang='lat' dir='ltr'>quis</span> <span class='ocrx_word' id='word_1_279' title='bbox 500 3659 591 3734; x_wconf 86' lang='lat' dir='ltr'>mori</span> <span class='ocrx_word' id='word_1_280' title='bbox 608 3658 810 3751; x_wconf 84' lang='lat' dir='ltr'>invenitur,</span> <span class='ocrx_word' id='word_1_281' title='bbox 839 3659 871 3732; x_wconf 77' lang='lat' dir='ltr'>t:</span> <span class='ocrx_word' id='word_1_282' title='bbox 889 3649 1016 3733; x_wconf 82' lang='lat' dir='ltr'>vive&#39;re</span> <span class='ocrx_word' id='word_1_283' title='bbox 1031 3661 1128 3739; x_wconf 90' lang='lat' dir='ltr'>Deo.</span> <span class='ocrx_word' id='word_1_284' title='bbox 1162 3659 1233 3735; x_wconf 90' lang='lat' dir='ltr'>Sed</span> <span class='ocrx_word' id='word_1_285' title='bbox 1332 3711 1340 3742; x_wconf 71' lang='grc'>,.</span> 
     </span>
     <span class='ocr_line' id='line_1_35' title="bbox 167 3759 1234 3860; baseline -0.003 -26"><span class='ocrx_word' id='word_1_286' title='bbox 167 3761 309 3860; x_wconf 61' lang='lat' dir='ltr'>dibile,</span> <span class='ocrx_word' id='word_1_287' title='bbox 333 3759 432 3852; x_wconf 87' lang='lat' dir='ltr'>quod</span> <span class='ocrx_word' id='word_1_288' title='bbox 454 3759 606 3849; x_wconf 86' lang='lat' dir='ltr'>addidit,</span> <span class='ocrx_word' id='word_1_289' title='bbox 646 3759 806 3828; x_wconf 78' lang='lat' dir='ltr'>Viventes.</span> <span class='ocrx_word' id='word_1_290' title='bbox 831 3766 896 3829; x_wconf 86' lang='lat' dir='ltr'>Deo</span> <span class='ocrx_word' id='word_1_291' title='bbox 921 3769 958 3830; x_wconf 86' lang='lat' dir='ltr'>in</span> <span class='ocrx_word' id='word_1_292' title='bbox 988 3761 1112 3856; x_wconf 69' lang='lat' dir='ltr'>Christo</span> <span class='ocrx_word' id='word_1_293' title='bbox 1139 3760 1234 3859; x_wconf 79' lang='lat' dir='ltr'>Jesu,</span> 
     </span>
    </p>

    <p class='ocr_par' dir='ltr' id='par_1_3' title="bbox 167 3855 1233 3955">
     <span class='ocr_line' id='line_1_36' title="bbox 167 3855 1233 3955; baseline -0.004 -18"><span class='ocrx_word' id='word_1_294' title='bbox 167 3873 246 3937; x_wconf 83' lang='lat' dir='ltr'>non</span> <span class='ocrx_word' id='word_1_295' title='bbox 270 3861 354 3934; x_wconf 87' lang='lat' dir='ltr'>mihi</span> <span class='ocrx_word' id='word_1_296' title='bbox 379 3855 534 3932; x_wconf 88' lang='lat' dir='ltr'>otiosum</span> <span class='ocrx_word' id='word_1_297' title='bbox 557 3858 713 3931; x_wconf 81' lang='lat' dir='ltr'>videtur.</span> <span class='ocrx_word' id='word_1_298' title='bbox 766 3857 886 3932; x_wconf 87' lang='lat' dir='ltr'>Simile</span> <span class='ocrx_word' id='word_1_299' title='bbox 909 3860 1003 3934; x_wconf 87' lang='lat' dir='ltr'>enim</span> <span class='ocrx_word' id='word_1_300' title='bbox 1029 3874 1121 3953; x_wconf 85' lang='lat' dir='ltr'>poto</span> <span class='ocrx_word' id='word_1_301' title='bbox 1149 3857 1233 3955; x_wconf 84' lang='lat' dir='ltr'>esse,</span> 
     </span>
    </p>

    <p class='ocr_par' dir='ltr' id='par_1_4' title="bbox 162 3955 1234 4056">
     <span class='ocr_line' id='line_1_37' title="bbox 162 3955 1234 4056; baseline 0.003 -26"><span class='ocrx_word' id='word_1_302' title='bbox 162 3960 264 4053; x_wconf 73' lang='lat' dir='ltr'>,quast</span> <span class='ocrx_word' id='word_1_303' title='bbox 284 3955 442 4032; x_wconf 84' lang='lat' dir='ltr'>dixisset:</span> <span class='ocrx_word' id='word_1_304' title='bbox 470 3959 654 4033; x_wconf 72' lang='lat' dir='ltr'>Viventes</span> <span class='ocrx_word' id='word_1_305' title='bbox 679 3959 765 4034; x_wconf 84' lang='lat' dir='ltr'>Deo</span> <span class='ocrx_word' id='word_1_306' title='bbox 790 3960 827 4034; x_wconf 89' lang='lat' dir='ltr'>in</span> <span class='ocrx_word' id='word_1_307' title='bbox 853 3957 1044 4054; x_wconf 77' lang='lat' dir='ltr'>sapientie,</span> <span class='ocrx_word' id='word_1_308' title='bbox 1068 3961 1106 4035; x_wconf 86' lang='lat' dir='ltr'>in</span> <span class='ocrx_word' id='word_1_309' title='bbox 1129 3978 1234 4056; x_wconf 85' lang='lat' dir='ltr'>pace,</span> 
     </span>
    </p>

    <p class='ocr_par' dir='ltr' id='par_1_5' title="bbox 228 4054 1209 4154">
     <span class='ocr_line' id='line_1_38' title="bbox 228 4054 1209 4154; baseline -0.003 -22"><span class='ocrx_word' id='word_1_310' title='bbox 228 4061 375 4154; x_wconf 75' lang='lat' dir='ltr'>Origmis</span> <span class='ocrx_word' id='word_1_311' title='bbox 397 4055 485 4138; x_wconf 70' lang='lat' dir='ltr'>Tm</span> <span class='ocrx_word' id='word_1_312' title='bbox 498 4061 586 4134; x_wconf 85' lang='lat' dir='ltr'>XV.</span> <span class='ocrx_word' id='word_1_313' title='bbox 847 4054 874 4134; x_wconf 62' lang='lat'>8</span> <span class='ocrx_word' id='word_1_314' title='bbox 1153 4063 1209 4130; x_wconf 54' lang='lat' dir='ltr'>Nn</span> 
     </span>
    </p>
   </div>
   <div class='ocr_carea' id='block_1_3' title="bbox 0 0 1418 4559">
    <p class='ocr_par' dir='ltr' id='par_1_6' title="bbox 0 0 1418 4559">
     <span class='ocr_line' id='line_1_39' title="bbox 0 0 1418 4559; baseline 0 0"><span class='ocrx_word' id='word_1_315' title='bbox 0 0 1418 4559; x_wconf 95' lang='lat' dir='ltr'> </span> 
     </span>
    </p>
   </div>
  </div>
 </body>
</html>
