2825 4559
181 309 267 420 ane
334 279 1079 380 namuursfcouorournu.
1243 327 1247 337 .

177 465 317 558 legem,
343 461 378 534 dt
403 462 447 536 arl
470 463 675 546 natii'ralem
694 461 832 538 referri
840 493 843 498 ·
890 459 1037 536 Certum
1058 461 1110 536 est
1131 465 1244 559 enim,

102 558 105 564 ’
178 567 299 654 quod,
327 562 411 637 sacx
413 565 510 658 lege
525 562 646 656 Moysi
667 562 848 655 praestatur
861 560 1068 647 haereditas,
1092 585 1247 639 evacua·

119 665 125 674 '
178 678 238 736 tur
257 664 358 734 illud
356 663 496 754 ,quod
519 661 701 753 scribitur,
730 662 911 735 Abraham
928 658 1011 735 fider
1031 663 1244 739 credulitate

175 761 359 837 meruisse·
386 762 593 853 decursum,
620 761 707 837 fiad
732 760 928 834 naturalem
950 763 1064 857 legem
1085 783 1263 838 conver·,

175 875 272 938 tatur
289 865 545 956 intelligentia,
568 864 644 937 haee
659 863 728 935 dici
746 859 909 960 possuntt
932 861 971 933 -si
993 861 1150 938 sufficere
1174 887 1243 959 po-

174 959 297 1035 tuisser
316 965 375 1034 lex
394 966 565 1038 naturalia
584 965 628 1035 ad
644 959 775 1053 fidem,
801 951 1015 1055 superfluum
1038 965 1238 1053 videretur,

110 1131 115 1146 ,
175 1063 275 1154 quod
294 1061 423 1138 ditium
438 1062 488 1136 est
503 1064 547 1136 ad
563 1061 766 1137 Abraham:
803 1064 871 1138 Exi
888 1066 924 1134 de
939 1067 1118 1151 tartarea,
1143 1068 1183 1140 σ
1203 1070 1242 1135 de

173 1169 449 1257 cognationum,
475 1165 513 1236 ss
529 1167 564 1233 dt
582 1166 666 1232 domo
680 1168 785 1257 patrt's
802 1167 874 1251 lui,
900 1162 938 1236 U
959 1188 1038 1232 vent
1052 1189 1088 1236 arr
1104 1181 1242 1254 terram,

173 1288 269 1359 quam
286 1266 437 1359 ostendero
453 1264 525 1336 ribi.
575 1262 630 1336 Ut
644 1264 727 1351 quid
747 1263 843 1334 enim
862 1266 978 1338 exiret
995 1264 1040 1333 de
1055 1278 1148 1338 terra
1159 1265 1238 1355 sua,

149 1407 152 1414 ·
173 1364 209 1436 dr
230 1363 276 1436 de
295 1369 409 1438 domo
425 1360 554 1453 sua,s1
578 1364 611 1435 ei
637 1366 694 1434 lex
720 1358 895 1436 sufficeret
918 1365 1104 1450 naturalis,
1132 1385 1238 1456 quarn

170 1466 298 1551 utique
314 1469 370 1534 dr
363 1485 398 1532 ro
417 1482 513 1536 terra
532 1461 590 1534 sua
611 1462 746 1555 positus
771 1463 903 1539 habere
920 1461 953 1534 dr
972 1462 1152 1536 custodire
1172 1486 1240 1558 po·

154 1562 320 1635 ἰιιιΐιιὲ
341 1562 422 1634 Sed
439 1583 536 1636 nunc
555 1565 657 1637 velut
674 1563 733 1638 illa
750 1565 865 1636 minus
884 1559 1078 1635 sufficiente
1088 1564 1240 1659 jubetur

168 1663 288 1757 legem
305 1663 388 1734 fidei
406 1662 524 1754 sequi,
551 1662 624 1738 sure
641 1683 710 1758 qua
728 1683 796 1735 nec
814 1663 925 1738 haeres
940 1659 1010 1735 else
1028 1662 1148 1738 mundi
1163 1664 1238 1757 ipse

168 1766 232 1836 vel
258 1763 374 1834 semen
400 1762 519 1850 suurn,
544 1783 614 1836 nec
637 1763 771 1835 amicus
794 1761 866 1838 Dei
889 1775 1037 1854 poterat
1054 1765 1236 1856 appellari.

167 1859 228 1934 Sic
246 1883 336 1955 ergo
355 1861 475 1953 potest
492 1863 537 1932 ab
552 1877 705 1954 utraque
719 1864 798 1956 lege
819 1861 1045 1980 subtraffiunr,
1064 1865 1107 1937 ad
1123 1861 1242 1948 solam-

114 1971 117 1976 ’
167 1957 254 2034 fidei
273 1965 387 2055 legem
403 1959 602 2054 respicere,
629 1963 728 2054 quod
744 1962 848 2036 dicit:
883 1966 1018 2032 Sionem
1034 1966 1233 2062 quiexlegr,

167 2061 207 2131 lu·
225 2062 357 2132 horodes
374 2065 472 2146 illem
485 2065 664 2137 exinrrrira
684 2062 723 2151 eli
735 2062 838 2154 fider,
864 2061 903 2137 ὅ
927 2081 1080 2134 warato
1102 2064 1139 2161 rfl
1161 2085 1233 2181 pro-

165 2157 298 2251 misser.
318 2160 578 2256 Jamverorn
597 2163 797 2255 hocloco
822 2163 883 2237 ubi
908 2162 1013 2235 dicit:
1048 2168 1120 2239 Lex
1144 2170 1232 2238 mirra

166 2266 252 2331 imm
266 2278 435 2354 operatur,
457 2261 660 2355 diligentius
679 2263 889 2336 intuendum
904 2260 974 2354 est,
1001 2263 1164 2360 adquam
1182 2266 1233 2339 le-

164 2382 246 2456 gem
262 2358 438 2454 respicere
451 2360 618 2436 videatur
633 2362 691 2433 hic
709 2360 844 2444 serrnor
870 2360 928 2435 sed
947 2364 1074 2456 ultre,
1099 2365 1159 2456 qui
1179 2364 1233 2436 se.

166 2464 306 2551 quitur:
349 2463 410 2532 Ubi
434 2466 520 2530 anim
543 2485 610 2532 non
632 2462 672 2556 est
694 2464 765 2547 sex,
791 2484 847 2533 nec
866 2468 1100 2555 pravaricatio.
1157 2462 1231 2540 Sed

162 2563 369 2655 priusquam
388 2583 407 2633 a
424 2562 532 2634 nobis
549 2564 691 2653 plenior
713 2562 920 2654 explanatio
938 2563 1157 2654 requiratur,
1185 2559 1237 2643 ιιιΙ

162 2662 224 2734 illa
247 2663 408 2736 breviter
433 2661 731 2753 respondeamus,
760 2682 837 2751 quae
855 2662 900 2734 de
915 2663 988 2734 hoc
1004 2665 1091 2734 loco
1109 2663 1231 2738 Haere·

129 2795 132 2800 ·
162 2762 229 2834 tici
244 2762 352 2834 nobis
367 2760 483 2833 solent
490 2745 710 2860 obtendere
722 2760 835 2852 lljunt
851 2762 1001 2849 enims,
1006 2760 1125 2849 ,Ecce
1139 2783 1232 2852 quo

164 2859 316 2953 „modo
333 2861 533 2954 Apostolus
551 2863 656 2942 dicit,
682 2862 763 2950 quia
779 2862 838 2933 lex
853 2858 1007 2951 Moysi
997 2881 1084 2936 rrarrr
1103 2882 1229 2955 opera·

162 2973 281 3071 ,,ιιιιι
308 2961 369 3031 ubi
386 2981 479 3030 varo
498 2962 555 3032 lex
571 2962 630 3032 illa
650 2979 727 3031 non
743 2958 873 3050 fuerit,
899 2963 948 3032 ibi
971 2980 1039 3031 nec
1060 2966 1230 3054 pravari-

163 3044 301 3152 „catio
316 3062 422 3132 erit.”
431 3059 689 3153 Requirarnus
699 3078 788 3152 ergo
806 3061 849 3130 ab
866 3064 935 3132 eia:
959 3058 995 3131 Si
1011 3064 1070 3134 ubi
1087 3065 1145 3135 lex
1160 3063 1226 3157 est,

163 3160 200 3234 dr
217 3159 467 3252 praevaricatio
486 3161 554 3231 erit
576 3157 793 3254 transgressa
813 3162 923 3255 legls3
949 3182 1035 3256 ergo
1055 3160 1089 3234 dr
1109 3164 1168 3235 ubi
1188 3162 1229 3238 fi

160 3262 225 3336 der
246 3258 317 3351 est,
345 3261 561 3353 transgrellae
577 3257 660 3333 fidei
677 3260 926 3349 praevaricatio
943 3264 1022 3334 erit.
1073 3261 1110 3335 Si
1128 3268 1223 3343 enim

160 3362 421 3456 prevaricator
444 3358 615 3450 efficitur,
642 3361 701 3451 qui
722 3359 878 3434 declinat
897 3383 914 3431 a
935 3364 1035 3456 lege,
1061 3360 1134 3434 fine
1161 3365 1226 3438 du·

95 3488 99 3495 ·
160 3460 710 3578 bi0&illepraevaricatorest,
738 3457 1114 3554 quideclinrtafide:
1141 3465 1227 3544 &si

158 3563 449 3661 praevaricationi
462 3563 533 3677 illl,
558 3582 637 3677 quae
657 3560 694 3632 in
713 3563 791 3653 lege
810 3560 883 3651 eil,
894 3564 967 3634 lex
984 3562 1080 3654 ipsa
1071 3582 1106 3633 tn
1121 3566 1225 3643 causa

158 3667 233 3758 est,
260 3662 368 3736 etiam
384 3663 668 3748 praevaricationi
689 3660 783 3744 huic,
801 3682 877 3750 quae
895 3657 1019 3735 infide
1037 3658 1108 3756 est,
1135 3662 1227 3743 fider

158 3767 198 3842 in
217 3761 320 3837 causa
335 3759 404 3834 elle
426 3762 594 3835 creditur
648 3760 682 3831 Si
702 3781 795 3834 vero
815 3761 1001 3835 absurdum
1021 3763 1071 3835 est
1088 3766 1224 3858 dicere,

161 3865 243 3956 quia
270 3859 393 3933 fides
384 3882 420 3933 ιιι
447 3861 551 3935 causa
574 3857 647 3950 est,
673 3873 715 3932 ut
734 3864 811 3952 quis
831 3863 1083 3954 praevaricetur
1101 3886 1120 3934 a
1138 3863 1225 3958 fide,

161 3965 196 4049 dr
213 3963 239 4039 sa
255 3979 333 4038 nun
350 3959 539 4038 acceffilset
555 3962 598 4038 ad
615 3912 746 4056 sidem,
772 3964 1028 4056 prevaricator
1042 3960 1125 4136 ἢάἕι
1136 3986 1224 4137 rsron

1111 4084 1143 4134 ui
