2825 4559
96 321 137 392 2
200 267 336 403 μα’
393 290 682 377 onrornrs
714 255 1132 386 ‘conntornn

158 489 160 502 ·
226 466 280 558 sed
295 469 332 535 in
342 464 485 560 spiritus
504 460 530 559 fi
544 478 650 535 tomen
664 462 813 559 Spiritus
823 459 892 538 Des
903 464 1031 537 habitat
1047 471 1087 539 in
1100 468 1206 555 uobis,
1234 470 1298 545 dn·

150 615 162 627 „
229 565 314 660 plici
333 564 467 655 modo,
494 562 581 654 quid
608 559 659 654 est
684 564 721 635 in
739 558 871 656 Spiritu
894 561 986 655 eise,
1011 568 1297 665 explanavimus,

229 664 267 738 id
280 662 352 755 est,
378 665 441 736 vel
463 657 577 759 legent
603 680 680 735 non
701 659 892 738 secundum
910 664 1068 757 literam,
1095 667 1154 741 sed
1172 666 1297 744 secun-

120 847 126 864 „
229 764 313 846 dum
331 762 522 859 spiritalem
538 757 672 835 sensum
691 761 910 862 intelligere3
938 765 998 837 vel
1016 767 1121 841 etiarn
1144 766 1298 844 mortifi-

219 878 317 937 [οπο
337 882 512 957 corpore,
535 858 699 955 spiritus,
727 860 761 933 st
778 882 854 937 uon
871 865 986 936 cernis
1003 866 1138 959 legibus
1153 868 1295 946 vivere.

230 961 280 1036 Et
298 961 395 1036 no'nc
411 981 500 1059 ergo
519 959 618 1051 quod
634 961 736 1033 dicit:
762 960 800 1034 Si
815 968 886 1060 quis
901 978 1007 1033 aurem
1023 969 1186 1057 Spiritum
1199 969 1296 1039 cbri-

225 1064 269 1163 βε·
287 1086 353 1133 non
369 1063 484 1153 haber,
510 1058 653 1132 stic‘non
681 1061 722 1156 ²st
746 1064 834 1158 ἠως
860 1060 1101 1159 &subjungitr
1126 1069 1166 1138 Si
1190 1084 1297 1140 autem

232 1162 378 1256 Christus
394 1168 432 1232 in
450 1160 536 1233 uobis
553 1159 610 1256 sps,
636 1160 887 1251 requirendum
906 1160 1097 1253 est,utrurn
1116 1164 1296 1243 diversum

124 1294 131 1308 ’
174 1316 178 1328 ,
229 1262 272 1338 sit
296 1260 465 1355 Spiritum
480 1261 550 1335 Dei
573 1256 643 1332 eise
667 1262 704 1333 in
724 1262 864 1354 aliquo,
891 1280 936 1334 sn
956 1260 1126 1355 Spiritum
1143 1261 1294 1340 Christi:

229 1362 292 1435 vel
308 1362 414 1437 etium
434 1356 545 1454 ipsum
561 1354 765 1451 Christum,
792 1374 854 1434 rut
867 1358 1036 1453 Spiritum
1051 1362 1143 1456 eius,
1153 1367 1212 1456 qui
1225 1362 1296 1440 sus·

229 1462 357 1535 citavit
371 1457 488 1556 Jesum
502 1460 698 1534 amortuis.
727 1457 797 1533 sed
813 1473 982 1553 quantum
998 1462 1057 1534 vel
1075 1462 1297 1556 consequen·

227 1562 315 1637 tirnr
330 1561 404 1633 loci
422 1558 600 1652 praesentis
615 1557 782 1643 intueor,
807 1561 870 1633 vel
883 1559 992 1652 iliud,
1010 1561 1109 1654 quod
1124 1563 1294 1639 Salvator

227 1674 291 1734 tor
307 1662 344 1733 in
360 1655 566 1756 Evangeliis
584 1658 630 1731 d‘e
643 1657 776 1751 Spiritu
792 1655 912 1733 saneto
928 1658 1034 1751 dicit,
1061 1662 1142 1753 quit
1157 1688 1178 1733 a
1196 1666 1295 1739 Patre

224 1762 383 1859 procedit,
410 1757 464 1846 δι,
493 1763 544 1830 De
559 1763 777 1852 metoecipiet,
804 1759 839 1832 &
863 1758 967 1848 hujus
994 1760 1096 1834 uerbi
1122 1761 1293 1855 explant-

227 1862 365 1934 tionem
382 1859 420 1931 in
437 1855 736 1950 consequentibus
750 1858 868 1955 jungit
883 1858 1027 1932 dicens:
1055 1862 1162 1949 Paret,
1175 1868 1295 1937 mnia

227 1983 296 2032 mer
312 1976 371 2030 ruo
381 1959 480 2049 sunt,
505 1956 545 2032 0
559 1972 617 2029 trra
635 1964 726 2027 mear
743 1976 905 2052 prepterea
922 1959 1004 2043 dixi,
1022 1962 1097 2055 quio
1110 1960 1147 2032 tit
1162 1984 1227 2033 meo
1242 1989 1295 2035 att

204 2071 209 2087 “
225 2065 341 2155 cipiet:
368 2076 471 2150 curn,
497 2057 662 2149 inquam,
689 2070 824 2131 tantem
843 2058 1098 2132 banconitrtis
1115 2060 1210 2134 inter
1229 2061 1294 2137 Pa·

127 2215 136 2252 2
228 2172 319 2248 rpem
341 2152 517 2230 &Filium
536 2152 669 2249 espicio
687 2157 885 2248 rationem,
911 2155 1062 2249 Spiritus
1079 2156 1149 2232 Dei
1164 2160 1198 2232 or
1214 2162 1295 2256 spi·

226 2261 315 2333 ritus
336 2254 465 2330 Christi
485 2275 578 2332 unus
600 2267 709 2347 etque
731 2255 825 2331 idern
840 2255 925 2331 mihi
944 2253 1094 2349 Spiritus
1111 2258 1181 2332 dici
1195 2263 1297 2336 vide·

227 2372 299 2437 tur.
335 2353 520 2430 Possumus
539 2369 658 2430 trrnen
677 2355 712 2428 ἀ
728 2354 802 2429 hoc
818 2354 931 2431 ruodo
949 2356 1168 2454 intelligere,
1194 2361 1295 2451 quod

229 2456 337 2532 dixit:
360 2456 398 2532 St'
414 2462 486 2553 quis
501 2470 607 2529 eutem
625 2453 784 2556 Spiritum
803 2456 921 2552 Csrrr'fli
936 2479 1002 2526 non
1018 2457 1131 2543 habet,
1157 2459 1209 2529 bit
1225 2483 1294 2532 non

226 2558 267 2656 tsi
284 2561 370 2652 ejus,
398 2555 501 2651 (quia
524 2555 557 2629 δι
577 2575 703 2628 revers
728 2556 879 2649 abrupte
894 2558 1171 2649 pronunciatum
1192 2561 1294 2635 vide·

225 2663 302 2750 tur)
327 2656 409 2731 otsr
429 2657 505 2748 quis
523 2674 600 2729 non
621 2667 743 2728 tantus
765 2652 799 2726 ἀ
822 2656 901 2730 telis
925 2654 995 2729 esse
1012 2663 1204 2744 meruerit,
1231 2663 1300 2751 qui,

224 2755 396 2852 Spiritum
420 2752 549 2829 Christi
574 2743 707 2828 l'rrberu
733 2754 860 2848 dignus
879 2753 942 2848 srt,
969 2756 1146 2829 continuo
1161 2755 1292 2834 Christi

227 2855 299 2929 esse
321 2856 539 2949 denegetur,
565 2871 646 2927 cunr
660 2855 697 2927 in
712 2850 852 2928 Psalmis
872 2853 984 2927 dicstr
1020 2861 1104 2927 Mea
1121 2857 1205 2945 sunt
1230 2871 1294 2929 um·

225 2979 281 3027 nes
294 2953 376 3048 ftrae
387 2953 560 3043 filtrorum,
578 2955 729 3049 jumenta
747 2960 783 3021 in
798 2955 973 3035 montibus,
1000 2953 1039 3030 (ἵ
1054 2950 1153 3032 boues.
1198 2957 1247 3031 Et
1266 2958 1292 3034 sr

226 3054 311 3129 serre
337 3052 371 3126 δι
395 3053 558 3144 iumento
583 3054 659 3145 ejus
685 3050 785 3140 sunt,
812 3054 1000 3144 quomodo
1027 3056 1191 3130 homines
1213 3076 1292 3132 non

224 3149 427 3243 fonteius?
472 3148 543 3225 Sed
560 3150 699 3244 potest,
723 3165 764 3224 ut
781 3148 874 3244 diui,
899 3152 972 3226 hoc
989 3152 1223 3253 inintelligi,
1250 3173 1293 3232 ut

223 3250 313 3352 illud
335 3256 371 3327 in
399 3248 620 3351 Evangelio-r
644 3254 716 3344 Qui
734 3276 801 3323 mn
818 3253 904 3324 totto
920 3273 1034 3323 trucem
1044 3256 1157 3343 suom,
1183 3256 1223 3333 σ
1243 3258 1293 3345 [ι.

122 3379 130 3392 ‘
222 3360 339 3453 quitur
352 3376 416 3437 nrt,
442 3374 509 3423 non
524 3352 563 3448 eps
578 3352 759 3445 rossignos.
787 3349 835 3424 Et
850 3351 909 3426 hic
923 3371 1033 3449 erg0,
1060 3355 1119 3445 qui
1134 3373 1211 3429 non
1230 3356 1291 3430 ht·

205 3455 290 3531 ‘bet
305 3450 475 3548 Spiritum
494 3449 645 3542 Christi,
670 3452 745 3524 hoc
757 3448 821 3544 est,
837 3454 896 3545 qui
915 3471 989 3526 nou
1007 3454 1136 3528 eodem
1153 3452 1289 3548 Spiritu

224 3557 362 3653 egitur,
389 3564 430 3625 ut
447 3571 513 3643 pro
527 3549 680 3643 justitia,
706 3569 775 3644 pro
796 3552 972 3645 veritate,
999 3568 1068 3645 pro
1083 3555 1201 3627 verbo
1217 3554 1289 3631 Dei

226 3649 497 3742 annunciando,
522 3668 591 3744 pro
615 3670 729 3746 regno
749 3653 923 3728 coelorurn
941 3653 1191 3747 predicando,
1217 3675 1287 3749 pto

221 3752 326 3827 litera
339 3753 428 3847 legis
444 3748 653 3843 abjiciendo,
664 3750 700 3822 δι
713 3748 871 3845 spiritum
887 3753 961 3843 ejus
980 3753 1189 3846 aperiendo,
1215 3771 1286 3848 pro

157 3913 163 3926 .
222 3852 414 3926 reslstendo
435 3848 620 3925 adversum
634 3864 847 3944 peccatum,
873 3871 940 3944 pro
958 3850 1013 3925 his
1032 3854 1198 3927 omnibus
1224 3855 1284 3945 qui

222 3970 302 4028 non
317 3951 427 4045 usque
444 3950 490 4028 td
502 3962 658 4029 mortem
676 3953 803 4026 venue
817 3950 1194 4127 P⁸1⁸s⁰⁸0stsss⁰¹¹gsts
1208 3955 1287 4047 ejus

1161 4074 1170 4125 r
1187 4071 1236 4125 cr·
