2825 4559
253 292 300 371 68
404 271 703 362 otiosuli
742 281 1147 365 COMMENTAR.

250 444 360 522 Unde
382 437 613 522 necess'rriirm
627 445 782 520 -videtur
806 446 980 522 discutere
987 491 1002 532 ,
1033 452 1118 540 quid
1138 446 1228 524 istud
1247 451 1312 547 iit,

255 549 355 638 qnod
372 547 624 622 conscientiam
634 543 834 639 Apostolus
851 562 984 620 vocate
1009 563 1174 621 utrumne
1188 552 1254 623 riis
1271 553 1313 626 sit

97 705 100 712 .
250 651 365 737 eliqua
383 643 592 736 substantie,
619 665 722 735 quam
739 665 824 735 cor,
852 649 911 719 vel
930 648 1055 720 enimn.
1106 649 1193 720 Haec
1214 653 1309 726 enim

250 743 470 820 conscientie
496 745 529 816 dr
556 744 637 818 aiibi
665 743 816 836 dicitur,
844 745 923 836 quis
942 746 1204 839 reprehendat,
1229 770 1308 825 non

248 844 552 940 reprehendatur,
579 842 765 935 &judicet
782 842 977 938 hominem,
995 863 1072 919 non
1090 843 1160 938 ipss
1172 845 1308 938 iudice·

249 961 327 1026 tur,
353 945 443 1017 ficut
466 944 515 1014 eit
535 941 712 1037 Jounnes:
747 945 787 1013 Si
811 943 1016 1031 consumtis,
1041 948 1177 1037 inquit,
1203 948 1309 1044 nostru

248 1070 315 1115 non
333 1044 537 1139 reprehendar
551 1065 628 1132 nus,
646 1041 798 1128 fiduciam
813 1041 955 1112 habemur
970 1045 1010 1113 ad
1031 1047 1144 1116 Deum.
1176 1043 1224 1117 iit
1241 1050 1308 1120 ite·

247 1163 328 1218 rum
346 1142 418 1236 ipse
431 1140 561 1214 Paulus
578 1139 660 1212 olibi
671 1139 777 1231 dicit,
804 1143 883 1237 quia
897 1144 1045 1233 gloriatio
1061 1142 1162 1238 nasim
1177 1145 1305 1242 buceri,

246 1243 453 1340 tessimonium
468 1240 659 1327 cmscrbnriae
675 1241 792 1336 nostra.
846 1243 940 1339 Quis
958 1261 1046 1338 ergo
1073 1254 1206 1330 tentam
1227 1247 1305 1337 ejus

248 1344 358 1416 video
376 1343 590 1429 libertatem,
608 1357 686 1431 quae
701 1341 859 1419 inbonis
875 1342 1016 1431 quidem
1032 1340 1136 1436 gestis
1152 1343 1306 1438 gaudent

245 1442 382 1534 semper
408 1439 442 1512 dt
465 1436 636 1525 exsultet,
662 1440 809 1512 inmelis
826 1459 919 1514 vero
936 1457 1013 1513 non
1029 1453 1216 1533 urguetur,
1241 1441 1304 1518 sed

91 1553 94 1561 '
244 1540 544 1636 ipsumsnimnm,
570 1537 627 1609 cui
649 1537 831 1630 cohaeret,
856 1539 1095 1633 reprehendet
1112 1538 1146 1611 u
1164 1555 1306 1640 arguet,

244 1645 422 1732 arbitror,
448 1636 546 1728 quod
563 1636 636 1728 ipse
647 1633 690 1710 srt
705 1633 854 1729 spritus,
881 1640 940 1732 qui
963 1639 1006 1712 rb
1024 1637 1204 1729 Apostolo
1225 1640 1298 1716 eise

247 1764 328 1814 cnm
347 1740 461 1810 unimu
478 1737 628 1827 dicitur,
659 1735 851 1812 secundum
874 1738 973 1829 quod
998 1737 1034 1812 iu
1061 1736 1302 1830 superioribus

245 1841 479 1927 edocuimus,
510 1835 613 1908 velut
636 1836 849 1930 pedagogus
873 1839 905 1908 ei
927 1837 1066 1926 quidum
1088 1835 1242 1914 societur
1259 1840 1300 1914 de

243 1938 384 2028 rebior,
412 1949 451 2009 ut
467 1955 543 2007 eam
566 1934 610 2006 de
624 1934 831 2007 melioribus
850 1952 1016 2026 moneat,
1042 1937 1102 2007 vel
1121 1936 1166 2009 de
1185 1939 1302 2030 culpis

243 2039 388 2134 castiget
410 2036 443 2107 dr
467 2046 610 2128 arguat3
644 2033 784 2123 dequo
808 2033 842 2106 u
865 2034 952 2108 dicit
970 2033 1190 2129 Apostolus,
1217 2040 1300 2128 quie

242 2165 330 2214 numo
340 2138 402 2227 scit
418 2137 600 2218 bominum,
624 2155 692 2228 qua
699 2131 780 2220 sunt
797 2133 952 2220 hominis,
972 2133 1035 2230 'nist
1045 2135 1181 2230 spiritus
1197 2137 1299 2208 honri-

241 2248 315 2328 nis,
340 2240 394 2332 qui
409 2240 447 2304 in
464 2232 524 2327 ipso
540 2231 601 2326 esti
626 2229 750 2323 &ipse
767 2229 808 2306 fit
823 2231 1051 2306 conscientie
1066 2231 1225 2328 spiritus,
1251 2237 1298 2311 de

242 2360 314 2430 qno
334 2336 440 2408 dicits
468 2333 531 2426 lpse
539 2335 673 2426 spiritus
690 2331 899 2424 testimonium
916 2334 1019 2402 reddit
1032 2332 1163 2426 spiritui
1182 2336 1299 2431 nostru,

240 2439 290 2513 Et
307 2436 403 2510 sorte
422 2433 482 2506 hie
502 2431 575 2523 ipse
596 2428 735 2521 spiritus
752 2428 826 2522 est,
851 2433 911 2523 qui
934 2431 1091 2506 cobaeret
1113 2432 1295 2508 animabus

237 2537 427 2635 justornm,
446 2549 521 2624 quae
535 2529 597 2603 sibi
612 2530 650 2602 in
664 2531 830 2603 omnibus
847 2527 1059 2605 obedientes
1078 2530 1230 2621 suerint3
1258 2533 1298 2622 ἅς

240 2639 325 2712 ideo
343 2633 508 2724 scriptum
524 2628 593 2703 estz
619 2629 767 2701 Laudare
788 2630 927 2723 spiritus
945 2627 985 2706 (5
1007 2638 1118 2702 anima
1135 2630 1294 2728 juliorum

242 2740 427 2810 Dominum.
472 2729 506 2802 Si
527 2748 619 2801 vero
634 2728 850 2802 inobediens
863 2731 900 2802 ei
914 2731 1027 2805 enims
1043 2731 1076 2803 dr
1095 2743 1294 2808 eontumrx

238 2838 365 2925 fuerit,
391 2831 572 2903 dividetur
584 2827 628 2900 eb
645 2847 693 2900 eo
711 2825 792 2920 post
809 2825 1000 2919 excessum,
1019 2827 1289 2919 &seperabitun

238 2933 287 3010 Et
304 2945 455 3026 propter
470 2929 543 3000 hoc
561 2943 651 3018 puto
665 2923 794 3000 ditium
809 2925 879 2998 eise
894 2926 1148 3022 in·Euengeiio
1162 2928 1207 3002 de
1219 2951 1290 3006 ms·

210 3046 214 3053 '
235 3035 275 3109 lo
293 3033 442 3118 villico,
464 3029 546 3118 quia
558 3027 681 3116 diuidet
694 3048 762 3094 eum
774 3027 940 3112 Dominus,
951 3027 993 3111 ss
1006 3045 1127 3121 partum
1142 3032 1207 3123 ejus
1219 3053 1289 3100 cunt
1310 3094 1313 3100 .

224 3136 411 3224 ,infidelibus
430 3145 534 3224 ponet.
560 3121 637 3217 lpse
653 3119 803 3196 fortasis
820 3124 871 3197 est
888 3124 1028 3218 spritus,
1043 3125 1171 3217 dequo
1184 3123 1288 3220 scrip·

234 3249 311 3310 turn
328 3231 391 3320 est,
412 3228 492 3319 quie
509 3221 755 3316 incorruptibilis
772 3222 812 3316 ιβ
825 3224 957 3319 spiritus
973 3233 1010 3296 in
1026 3225 1211 3299 hominibus.
1237 3223 1293 3313 Et³

232 3333 423 3408 secundum
442 3345 504 3410 ee,
528 3341 605 3413 quae
632 3317 790 3416 superius
819 3322 991 3416 diximus,
1018 3325 1098 3419 quie
1114 3324 1286 3402 dividitur

233 3456 274 3507 ec
289 3433 467 3521 separatur
481 3429 525 3495 ub
541 3423 654 3495 anina
668 3425 890 3514 peccatrice,
916 3437 958 3496 ut
970 3424 1028 3498 iile
1043 3443 1122 3498 oum
1137 3421 1285 3500 infideli·

230 3535 297 3604 bus
309 3529 459 3616 accipiet
467 3536 619 3614 purtem,
629 3517 746 3610 potest
764 3520 920 3595 fimiiiter
936 3523 989 3598 his
1006 3528 1115 3618 aptari
1133 3522 1166 3596 u
1181 3523 1284 3619 iliud,

229 3627 328 3724 quod
343 3623 471 3700 ditium
488 3619 559 3693 est:
589 3621 699 3690 Erunt
713 3622 771 3690 dun
790 3629 826 3691 in
843 3647 932 3715 agro,
957 3649 1037 3694 unus
1056 3626 1282 3714 astumatum&

226 3757 309 3801 unus
324 3727 537 3820 relinquetur:
562 3715 600 3794 b
614 3723 679 3788 dua
694 3721 734 3790 od
745 3720 872 3806 molam,
898 3745 963 3792 una
975 3722 1200 3814 efflantium&
1210 3747 1280 3798 unu
1325 3809 1328 3816 Ι

90 3896 92 3903 .
226 3827 431 3925 relinquetur.
476 3819 562 3892 Haec
581 3820 626 3891 de
643 3837 715 3907 eo,
740 3821 838 3912 quod
853 3817 1019 3918 seriptum
1039 3821 1107 3898 eii:
1135 3815 1278 3922 distino-

90 3912 92 3969 ¹
223 3937 313 4004 nium
326 3927 471 4001 reddente
485 3919 684 4010 conscientia.

1046 4017 1223 4098 roNune
