2825 4559
1154 221 1157 230 ·
1217 189 1228 244 i

269 358 272 362 ·
320 361 398 460 'nv
422 301 599 438 nerse.
626 359 704 436 nn
732 356 1147 460 sonantior.
1233 389 1275 443 αι
1327 447 1333 458 ,

204 523 270 599 Ad
288 521 433 598 Galatas
450 544 541 597 vero
562 524 721 596 omnium
739 542 809 596 nec
828 514 934 617 ponit
952 525 1144 621 gratiarum
1164 524 1276 602 astio-
1325 519 1340 574 ⁸

205 647 310 711 nem,
338 627 435 716 quod
454 644 520 698 eos
542 626 690 696 miratur
710 641 780 693 sam
798 630 859 692 ciro
876 625 1061 700 transferri
1080 628 1120 698 ab
1138 653 1190 715 eo,
1216 632 1274 724 qui

204 729 339 796 vocavit
353 745 439 816 cot,
467 731 506 793 in
523 725 612 792 aliud
629 725 851 815 Evangelmm'.
888 723 1003 798 Prima
1020 746 1108 822 ergo
1123 747 1200 802 vox
1217 728 1271 802 in·

205 826 295 918 cipit
314 847 332 896 e
348 827 537 920 gratiarum
557 822 708 897 actione.
750 822 871 917 Agere
887 841 1005 896 autern
1024 825 1108 898 Deo
1123 828 1268 920 gratias,

202 924 278 1000 hoc
292 923 344 998 est
358 920 566 998 sacrificium
584 921 695 995 laudis
713 918 869 994 offerte:
897 921 929 994 dr
951 924 1034 996 ideo
1056 927 1175 1014 addit,
1206 929 1268 999 Per

206 1017 321 1120 Jifism
334 1025 506 1117 Christum,
520 1023 624 1095 velut
634 1041 699 1114 per
715 1020 927 1094 Pontificem
941 1044 1116 1117 magnum.
1144 1026 1269 1116 Opot-

202 1137 258 1196 tet
273 1125 368 1198 enirn
382 1121 473 1204 scire
488 1143 590 1208 euno,
619 1124 677 1209 qui
699 1123 779 1192 vult
793 1120 926 1193 offerre
941 1120 1146 1196 sacrificium
1167 1125 1264 1212 Deo,

200 1224 302 1316 quod
315 1243 379 1315 per
397 1242 522 1296 manus
539 1218 726 1293 Pontificio
743 1223 850 1294 debet
868 1219 1014 1296 offerre.
1051 1222 1122 1296 Sed
1140 1225 1171 1294 dr
1190 1226 1264 1297 hoc

199 1323 301 1414 quod
327 1322 436 1409 dixit,
465 1326 531 1394 Deo
558 1345 640 1407 meo,
672 1339 748 1392 non
777 1320 829 1392 est
857 1319 976 1392 otiose
1003 1323 1263 1416 accipiendum.

198 1420 299 1502 Non,
313 1422 420 1495 eninr.
433 1442 510 1494 vox
533 1418 596 1494 ista
613 1419 733 1510 potest
752 1417 822 1502 effe
838 1419 900 1492 nisi
922 1419 1141 1514 ianitorum,
1170 1443 1262 1513 quo-

196 1539 276 1595 rum
302 1521 405 1593 Deus
429 1521 578 1604 dicitur,
603 1518 692 1592 sicut
717 1518 818 1592 Deus
840 1511 1046 1612 Abraham,
1073 1523 1135 1612 vel
1164 1521 1262 1595 Isaac

197 1623 258 1693 vel
279 1621 408 1715 Jacob.
459 1620 550 1694 Nou
570 1617 690 1711 potest
715 1617 913 1692 Dominum
936 1618 1054 1694 Deum
1081 1618 1179 1698 suurn
1208 1621 1262 1694 di·

198 1721 354 1810 cereis,
380 1721 437 1791 cui
459 1731 589 1792 venter
612 1718 713 1790 Deus
738 1716 811 1809 est,
839 1733 899 1790 aut
917 1721 974 1790 cui
991 1722 1140 1793 avaritia
1159 1719 1264 1797 Deus

145 1907 147 1914 Ι
197 1817 272 1910 est,
301 1833 363 1890 aut
384 1820 445 1894 cui
462 1819 577 1915 gioria
599 1815 712 1889 secuti
736 1816 917 1910 &pompa
935 1820 1080 1911 mundi,
1108 1833 1171 1892 aut
1192 1821 1260 1913 po·
1333 1871 1337 1894 .

145 1959 147 1968 ·
195 1921 308 1991 tentia
333 1938 449 1991 rerum
475 1918 685 1991 caducarum
712 1915 814 1989 Deus
838 1916 900 1992 est.
953 1920 1136 2016 Quidquid
1163 1921 1260 1998 eniua

193 2018 439 2108 unusquisque
464 2016 565 2111 supra
592 2030 720 2088 cetera
747 2017 857 2102 colit,
883 2015 957 2088 hoc
984 2018 1035 2090 illi
1063 2018 1166 2091 Deus
1193 2019 1257 2097 eii.

145 2167 148 2176 -
194 2115 263 2190 Sed
282 2117 467 2190 videamus
484 2119 568 2208 quid
585 2115 635 2188 est
649 2136 717 2208 pro
733 2136 806 2205 quo
824 2112 1024 2209 Apostolus
1038 2118 1169 2211 gratias
1186 2120 1261 2215 agit

193 2213 277 2289 Deo
303 2213 380 2287 suo.
431 2220 618 2310 Quoniam,
647 2218 782 2305 inquit,
800 2215 882 2310 fides
906 2216 1007 2309 ueflre
1033 2223 1260 2289 annunciatur

145 2327 148 2374 ἲ
196 2323 230 2384 in
242 2316 396 2404 universo
411 2317 535 2390 mundo.
590 2320 629 2387 In
647 2319 796 2401 universo
813 2317 926 2384 mundo
942 2316 967 2388 st
983 2314 1187 2408 simpliciter
1202 2338 1261 2391 ac·

193 2415 390 2510 cipiamua,
411 2415 485 2488 hoc
502 2415 647 2488 videtur
664 2414 864 2510 designare,
891 2413 990 2506 quod
1006 2415 1044 2489 in
1061 2415 1180 2500 multis
1201 2418 1257 2489 lo·

145 2597 149 2614 Ι
194 2513 243 2585 cis
265 2513 411 2606 mundi,
440 2516 513 2588 hoc
533 2514 609 2602 est,·
634 2529 739 2586 terrae
755 2513 877 2605 hujus,
905 2533 1033 2590 eorunr
1049 2515 1108 2604 qui
1125 2515 1259 2594 -Romtt

145 2631 147 2642 ·
196 2611 277 2684 sunt
292 2611 379 2686 fides
398 2613 431 2685 u
448 2613 574 2709 religio
590 2612 813 2706 predicetur.
862 2612 899 2684 si
918 2631 1031 2702 vero,
1057 2627 1098 2685 ut
1113 2615 1260 2688 in'non·

193 2711 323 2803 nuliis,
349 2716 457 2786 etiam
473 2717 510 2787 in
527 2716 601 2787 hoc
618 2715 705 2784 ioco
721 2709 871 2783 mundus
890 2709 1108 2806 designatur,
1135 2714 1196 2801 qui
1211 2732 1259 2788 ex
1303 2751 1305 2755 ·

145 2779 147 2854 Ψ
190 2813 285 2882 ceeio
316 2812 458 2888 constat
482 2813 515 2885 dr
538 2829 654 2889 terra,
682 2799 789 2900 atque
814 2811 1003 2896 omnibus,
1029 2825 1107 2902 qua
1135 2811 1173 2884 in
1204 2811 1257 2888 eis

190 2909 288 2996 sunt,
314 2912 435 3003 potest
458 2915 563 2988 etism
582 2912 668 2984 illud
688 2909 861 3003 intelligi,
888 2909 986 2999 quod
1008 2912 1185 3000 virtutes,
1211 2911 1257 2986 de

191 3012 321 3102 quibus
340 3011 491 3104 dieitur,
508 3013 589 3103 quia
603 3014 749 3103 gaudium
766 3008 904 3084 habeant
917 3012 1009 3102 [uper
1026 3034 1088 3080 uno
1103 3027 1259 3105 peccatore

189 3115 417 3204 penitentiam
431 3130 555 3204 agente,
582 3114 697 3186 inuito
717 3108 830 3203 tnagis
847 3110 892 3179 de
910 3109 1151 3181 conversione
1168 3130 1261 3202 quo-

192 3228 263 3297 que
283 3209 318 3281 ds
341 3207 413 3282 fide
432 3211 680 3285 Rornanorum
701 3211 891 3296 letentur,
919 3208 1171 3280 nunciantibus
1193 3210 1257 3282 sibi

148 3375 151 3390 ,
189 3305 342 3402 Angelis
363 3313 454 3402 iliis,
478 3311 537 3401 qui
559 3307 756 3386 ascendunt
775 3306 808 3379 dt
827 3303 1046 3378 descendunt
1065 3306 1107 3378 ad
1127 3306 1257 3380 Filium

149 3401 154 3504 Ι,
187 3406 360 3483 hominis.
404 3407 524 3504 Etipss
539 3413 634 3484 enirn
653 3406 887 3484 mirantur-de
903 3405 1142 3478 conversione
1158 3405 1258 3479 Geu-
1291 3493 1293 3500 Ι
1323 3431 1338 3462 2

190 3509 303 3599 tium,
330 3505 482 3599 &quod
502 3510 543 3583 in
562 3528 709 3581 ornnem
730 3509 859 3580 terram
884 3506 1000 3577 exivit
1022 3503 1129 3576 sonus
1155 3502 1260 3597 Apo·

149 3611 152 3622 '
188 3602 367 3679 stolorum
391 3606 519 3682 Christi
545 3607 638 3705 Jesu.
692 3605 918 3696 Denique&
941 3625 1075 3698 agones
1100 3600 1259 3697 ipsorum

154 3699 158 3708 ’
185 3703 389 3798 ΐρεᾶαηῑεε
414 3710 451 3780 in
472 3709 546 3784 huc
569 3706 707 3781 mundo
729 3709 914 3793 laetantur,
946 3699 1036 3775 sicut
1055 3701 1259 3796 Apostolus

150 3853 153 3858 -
189 3805 299 3880 dicit:
327 3809 417 3897 Quia
439 3804 744 3904 spee‘iaculumfnt‘ii
759 3806 867 3895 sumus
887 3806 1108 3890 huicmundo,
1133 3802 1172 3880 (ἵ
1188 3807 1261 3876 Ani

152 3951 157 3968 .
188 3906 264 3995 getis
279 3904 318 3980 Θ
336 3907 542 3984 1ιωοιι·ηι·ῠιυ.Δ
562 3904 687 3979 Potest
703 3918 826 3978 tamen
842 3904 940 3976 &ita
956 3903 1129 3998 intelligi,
1147 3902 1260 3993 ¹quod

145 3989 154 4206 ,i
190 3999 281 4136 fides
308 3999 374 4080 ista
390 4013 512 4122 'quem'
528 4005 682 4092 Romani
709 4006 875 4211 ihabgut,
895 4000 974 4106 ‘ruia
993 4003 1200 4097 sedensue
1213 4001 1286 4170 ἓ»
