<?xml version="1.0" encoding="UTF-8"?>
<!DOCTYPE html PUBLIC "-//W3C//DTD XHTML 1.0 Transitional//EN"
    "http://www.w3.org/TR/xhtml1/DTD/xhtml1-transitional.dtd">
<html xmlns="http://www.w3.org/1999/xhtml" xml:lang="en" lang="en">
 <head>
  <title>
</title>
<meta http-equiv="Content-Type" content="text/html;charset=utf-8" />
  <meta name='ocr-system' content='tesseract 3.04.00' />
  <meta name='ocr-capabilities' content='ocr_page ocr_carea ocr_par ocr_line ocrx_word'/>
</head>
<body>
  <div class='ocr_page' id='page_1' title='image "./operaomniasanct12unkngoog_0070.png"; bbox 0 0 2825 4559; ppageno 0'>
   <div class='ocr_carea' id='block_1_1' title="bbox 215 285 1303 456">
    <p class='ocr_par' dir='ltr' id='par_1_1' title="bbox 215 285 1303 456">
     <span class='ocr_line' id='line_1_1' title="bbox 215 285 1303 456; baseline -0.012 -15"><span class='ocrx_word' id='word_1_1' title='bbox 215 363 262 456; x_wconf 72' lang='lat' dir='ltr'><strong>st</strong></span> <span class='ocrx_word' id='word_1_2' title='bbox 334 285 671 436; x_wconf 57' lang='lat' dir='ltr'><strong>&#39;sontum-uls</strong></span> <span class='ocrx_word' id='word_1_3' title='bbox 713 351 1104 434; x_wconf 75' lang='lat' dir='ltr'><strong>caum-uurnn.</strong></span> <span class='ocrx_word' id='word_1_4' title='bbox 1178 337 1200 430; x_wconf 82' lang='grc'><strong>.“</strong></span> <span class='ocrx_word' id='word_1_5' title='bbox 1292 337 1303 348; x_wconf 85' lang='grc'><strong>’</strong></span> 
     </span>
    </p>
   </div>
   <div class='ocr_carea' id='block_1_2' title="bbox 95 513 1334 4176">
    <p class='ocr_par' dir='ltr' id='par_1_2' title="bbox 156 513 1320 1215">
     <span class='ocr_line' id='line_1_2' title="bbox 265 513 1320 620; baseline 0.002 -28"><span class='ocrx_word' id='word_1_6' title='bbox 265 522 331 596; x_wconf 79' lang='grc'><strong>’6.</strong></span> <span class='ocrx_word' id='word_1_7' title='bbox 358 525 435 592; x_wconf 81' lang='lat' dir='ltr'><strong>&#39;Hir</strong></span> <span class='ocrx_word' id='word_1_8' title='bbox 461 537 564 612; x_wconf 74' lang='lat' dir='ltr'><strong>autom</strong></span> <span class='ocrx_word' id='word_1_9' title='bbox 588 525 644 617; x_wconf 74' lang='lat' dir='ltr'><strong>qui</strong></span> <span class='ocrx_word' id='word_1_10' title='bbox 669 545 708 592; x_wconf 82' lang='lat' dir='ltr'><strong>ax</strong></span> <span class='ocrx_word' id='word_1_11' title='bbox 723 519 956 607; x_wconf 59' lang='lat' dir='ltr'><strong>irrorantiam,</strong></span> <span class='ocrx_word' id='word_1_12' title='bbox 981 519 1020 598; x_wconf 65' lang='grc' dir='ltr'>θ</span> <span class='ocrx_word' id='word_1_13' title='bbox 1047 513 1103 620; x_wconf 77' lang='lat' dir='ltr'><strong>qui</strong></span> <span class='ocrx_word' id='word_1_14' title='bbox 1128 519 1286 614; x_wconf 73' lang='lat' dir='ltr'><strong>diffidunt</strong></span> <span class='ocrx_word' id='word_1_15' title='bbox 1317 595 1320 604; x_wconf 75' lang='grc'><strong>,</strong></span> 
     </span>
     <span class='ocr_line' id='line_1_3' title="bbox 156 621 1287 723; baseline 0.005 -35"><span class='ocrx_word' id='word_1_16' title='bbox 156 703 159 718; x_wconf 44' lang='grc' dir='ltr'>Ι</span> <span class='ocrx_word' id='word_1_17' title='bbox 221 621 346 723; x_wconf 73' lang='lat' dir='ltr'><strong>guidem</strong></span> <span class='ocrx_word' id='word_1_18' title='bbox 363 623 524 707; x_wconf 76' lang='lat' dir='ltr'><strong>ueritati,</strong></span> <span class='ocrx_word' id='word_1_19' title='bbox 550 621 881 718; x_wconf 74' lang='lat' dir='ltr'><strong>obtemperant-autem</strong></span> <span class='ocrx_word' id='word_1_20' title='bbox 899 627 1089 717; x_wconf 77' lang='lat' dir='ltr'><strong>iniquitali,</strong></span> <span class='ocrx_word' id='word_1_21' title='bbox 1116 629 1166 692; x_wconf 73' lang='lat' dir='ltr'><strong>ile</strong></span> <span class='ocrx_word' id='word_1_22' title='bbox 1179 622 1217 698; x_wconf 76' lang='lat' dir='ltr'><strong>d</strong></span> <span class='ocrx_word' id='word_1_23' title='bbox 1234 627 1287 694; x_wconf 83' lang='lat' dir='ltr'><strong>in·</strong></span> 
     </span>
     <span class='ocr_line' id='line_1_4' title="bbox 221 715 1288 816; baseline 0.003 -24"><span class='ocrx_word' id='word_1_24' title='bbox 221 723 381 816; x_wconf 73' lang='lat' dir='ltr'><strong>dignatio,</strong></span> <span class='ocrx_word' id='word_1_25' title='bbox 408 721 572 792; x_wconf 76' lang='lat' dir='ltr'><strong>tribulatio</strong></span> <span class='ocrx_word' id='word_1_26' title='bbox 588 723 627 797; x_wconf 66' lang='lat' dir='ltr'><strong><em>U</em></strong></span> <span class='ocrx_word' id='word_1_27' title='bbox 639 722 788 814; x_wconf 66' lang='lat' dir='ltr'><strong>anguilla.</strong></span> <span class='ocrx_word' id='word_1_28' title='bbox 841 723 914 816; x_wconf 85' lang='lat' dir='ltr'><strong>Qui</strong></span> <span class='ocrx_word' id='word_1_29' title='bbox 926 715 1129 816; x_wconf 71' lang='lat' dir='ltr'><strong>[impliciter</strong></span> <span class='ocrx_word' id='word_1_30' title='bbox 1142 723 1218 795; x_wconf 79' lang='lat' dir='ltr'><strong>haee</strong></span> <span class='ocrx_word' id='word_1_31' title='bbox 1230 742 1288 795; x_wconf 81' lang='lat' dir='ltr'><strong>ac·</strong></span> 
     </span>
     <span class='ocr_line' id='line_1_5' title="bbox 224 817 1288 918; baseline -0.002 -25"><span class='ocrx_word' id='word_1_32' title='bbox 224 821 333 918; x_wconf 79' lang='lat' dir='ltr'><strong>cipit,</strong></span> <span class='ocrx_word' id='word_1_33' title='bbox 350 817 518 894; x_wconf 70' lang='lat' dir='ltr'><strong>&#39;sufficere</strong></span> <span class='ocrx_word' id='word_1_34' title='bbox 542 823 658 908; x_wconf 75' lang='lat' dir='ltr'><strong>credit</strong></span> <span class='ocrx_word' id='word_1_35' title='bbox 680 821 729 895; x_wconf 79' lang='lat' dir='ltr'><strong>td·</strong></span> <span class='ocrx_word' id='word_1_36' title='bbox 744 818 962 895; x_wconf 73' lang='lat' dir='ltr'><strong>intelletlum</strong></span> <span class='ocrx_word' id='word_1_37' title='bbox 978 853 996 912; x_wconf 59' lang='lat'><strong>¹,</strong></span> <span class='ocrx_word' id='word_1_38' title='bbox 1017 820 1209 894; x_wconf 88' lang='lat' dir='ltr'><strong>secundum</strong></span> <span class='ocrx_word' id='word_1_39' title='bbox 1230 819 1288 914; x_wconf 88' lang='lat' dir='ltr'><strong>ea&#39;,</strong></span> 
     </span>
     <span class='ocr_line' id='line_1_6' title="bbox 222 916 1289 1016; baseline 0 -23"><span class='ocrx_word' id='word_1_40' title='bbox 222 941 301 1012; x_wconf 83' lang='lat' dir='ltr'><strong>quae</strong></span> <span class='ocrx_word' id='word_1_41' title='bbox 322 916 425 1016; x_wconf 86' lang='lat' dir='ltr'><strong>supra</strong></span> <span class='ocrx_word' id='word_1_42' title='bbox 453 917 665 1004; x_wconf 65' lang='lat' dir='ltr'><strong>dictasunt,</strong></span> <span class='ocrx_word' id='word_1_43' title='bbox 691 921 846 994; x_wconf 82' lang='lat' dir='ltr'>reddere</span> <span class='ocrx_word' id='word_1_44' title='bbox 869 919 989 994; x_wconf 89' lang='lat' dir='ltr'><strong>Deum</strong></span> <span class='ocrx_word' id='word_1_45' title='bbox 1015 922 1209 1012; x_wconf 86' lang='lat' dir='ltr'><strong>unicuique</strong></span> <span class='ocrx_word' id='word_1_46' title='bbox 1237 918 1289 993; x_wconf 90' lang='lat' dir='ltr'><strong>se·</strong></span> 
     </span>
     <span class='ocr_line' id='line_1_7' title="bbox 225 1019 1291 1122; baseline 0 -28"><span class='ocrx_word' id='word_1_47' title='bbox 225 1019 381 1094; x_wconf 82' lang='lat' dir='ltr'><strong>eundum</strong></span> <span class='ocrx_word' id='word_1_48' title='bbox 395 1039 507 1112; x_wconf 89' lang='lat' dir='ltr'><strong>opera</strong></span> <span class='ocrx_word' id='word_1_49' title='bbox 522 1020 601 1092; x_wconf 80' lang='lat' dir='ltr'><strong>sua:</strong></span> <span class='ocrx_word' id='word_1_50' title='bbox 627 1019 663 1093; x_wconf 92' lang='lat' dir='ltr'><strong>id</strong></span> <span class='ocrx_word' id='word_1_51' title='bbox 680 1019 752 1111; x_wconf 87' lang='lat' dir='ltr'><strong>est,</strong></span> <span class='ocrx_word' id='word_1_52' title='bbox 778 1020 867 1122; x_wconf 75' lang='lat' dir='ltr'><strong>sicut</strong></span> <span class='ocrx_word' id='word_1_53' title='bbox 884 1021 975 1111; x_wconf 67' lang='lat' dir='ltr'><strong>illis,</strong></span> <span class='ocrx_word' id='word_1_54' title='bbox 995 1022 1055 1111; x_wconf 89' lang='lat' dir='ltr'><strong>qui</strong></span> <span class='ocrx_word' id='word_1_55' title='bbox 1071 1040 1136 1112; x_wconf 86' lang='lat' dir='ltr'><strong>per</strong></span> <span class='ocrx_word' id='word_1_56' title='bbox 1153 1019 1291 1114; x_wconf 85' lang='lat' dir='ltr'><strong>patien-</strong></span> 
     </span>
     <span class='ocr_line' id='line_1_8' title="bbox 223 1119 1289 1215; baseline 0.001 -24"><span class='ocrx_word' id='word_1_57' title='bbox 223 1120 310 1194; x_wconf 86' lang='lat' dir='ltr'><strong>tiam</strong></span> <span class='ocrx_word' id='word_1_58' title='bbox 322 1119 411 1191; x_wconf 89' lang='lat' dir='ltr'><strong>boni</strong></span> <span class='ocrx_word' id='word_1_59' title='bbox 428 1122 548 1212; x_wconf 85' lang='lat' dir='ltr'><strong>operis</strong></span> <span class='ocrx_word' id='word_1_60' title='bbox 567 1136 730 1211; x_wconf 81' lang='lat' dir='ltr'><strong>quaerunt</strong></span> <span class='ocrx_word' id='word_1_61' title='bbox 745 1121 894 1215; x_wconf 78' lang='lat' dir='ltr'>gloriam</span> <span class='ocrx_word' id='word_1_62' title='bbox 911 1119 945 1191; x_wconf 79' lang='lat' dir='ltr'><strong>da</strong></span> <span class='ocrx_word' id='word_1_63' title='bbox 959 1123 1289 1213; x_wconf 87' lang='lat' dir='ltr'><strong>incorruptionem,</strong></span> 
     </span>
    </p>

    <p class='ocr_par' dir='ltr' id='par_1_3' title="bbox 96 1214 1292 1513">
     <span class='ocr_line' id='line_1_9' title="bbox 96 1214 1292 1316; baseline 0.003 -29"><span class='ocrx_word' id='word_1_64' title='bbox 96 1269 99 1274; x_wconf 75' lang='lat'>-</span> <span class='ocrx_word' id='word_1_65' title='bbox 223 1214 337 1292; x_wconf 72' lang='lat' dir='ltr'><strong>ultam</strong></span> <span class='ocrx_word' id='word_1_66' title='bbox 364 1219 483 1290; x_wconf 86' lang='lat' dir='ltr'>reddit</span> <span class='ocrx_word' id='word_1_67' title='bbox 504 1234 693 1316; x_wconf 68' lang='lat' dir='ltr'><strong>uternamt</strong></span> <span class='ocrx_word' id='word_1_68' title='bbox 720 1219 769 1290; x_wconf 80' lang='lat' dir='ltr'><strong>ita</strong></span> <span class='ocrx_word' id='word_1_69' title='bbox 796 1220 828 1290; x_wconf 77' lang='lat' dir='ltr'><strong>dr</strong></span> <span class='ocrx_word' id='word_1_70' title='bbox 855 1217 952 1310; x_wconf 84' lang='lat' dir='ltr'><strong>istis,</strong></span> <span class='ocrx_word' id='word_1_71' title='bbox 979 1219 1036 1309; x_wconf 93' lang='lat' dir='ltr'><strong>qui</strong></span> <span class='ocrx_word' id='word_1_72' title='bbox 1064 1240 1108 1291; x_wconf 89' lang='lat' dir='ltr'><strong>ex</strong></span> <span class='ocrx_word' id='word_1_73' title='bbox 1136 1233 1292 1306; x_wconf 86' lang='lat' dir='ltr'><strong>conten·</strong></span> 
     </span>
     <span class='ocr_line' id='line_1_10' title="bbox 223 1314 1291 1412; baseline 0 -21"><span class='ocrx_word' id='word_1_74' title='bbox 223 1319 332 1391; x_wconf 85' lang='lat' dir='ltr'><strong>tione.</strong></span> <span class='ocrx_word' id='word_1_75' title='bbox 353 1314 516 1391; x_wconf 87' lang='lat' dir='ltr'><strong>diffidunt</strong></span> <span class='ocrx_word' id='word_1_76' title='bbox 539 1320 682 1412; x_wconf 83' lang='lat' dir='ltr'><strong>quidem</strong></span> <span class='ocrx_word' id='word_1_77' title='bbox 705 1319 873 1410; x_wconf 84' lang='lat' dir='ltr'><strong>veritati,</strong></span> <span class='ocrx_word' id='word_1_78' title='bbox 900 1321 1151 1409; x_wconf 87' lang='lat' dir='ltr'><strong>obtemperant</strong></span> <span class='ocrx_word' id='word_1_79' title='bbox 1169 1332 1291 1391; x_wconf 81' lang='lat' dir='ltr'><strong>autern</strong></span> 
     </span>
     <span class='ocr_line' id='line_1_11' title="bbox 222 1416 1290 1513; baseline -0.005 -21"><span class='ocrx_word' id='word_1_80' title='bbox 222 1418 430 1509; x_wconf 87' lang='lat' dir='ltr'><strong>iniquitati,</strong></span> <span class='ocrx_word' id='word_1_81' title='bbox 455 1419 543 1490; x_wconf 84' lang='lat' dir='ltr'><strong>iram</strong></span> <span class='ocrx_word' id='word_1_82' title='bbox 566 1418 601 1490; x_wconf 81' lang='lat' dir='ltr'><strong>du</strong></span> <span class='ocrx_word' id='word_1_83' title='bbox 622 1420 934 1513; x_wconf 75' lang='lat' dir='ltr'><strong>indignationem,</strong></span> <span class='ocrx_word' id='word_1_84' title='bbox 961 1418 1230 1490; x_wconf 79' lang='lat' dir='ltr'><strong>tribulationem</strong></span> <span class='ocrx_word' id='word_1_85' title='bbox 1254 1416 1290 1487; x_wconf 81' lang='lat' dir='ltr'><strong>da</strong></span> 
     </span>
    </p>

    <p class='ocr_par' dir='ltr' id='par_1_4' title="bbox 113 1515 1331 1610">
     <span class='ocr_line' id='line_1_12' title="bbox 113 1515 1331 1610; baseline -0.004 -18"><span class='ocrx_word' id='word_1_86' title='bbox 113 1573 150 1598; x_wconf 33' lang='grc' dir='ltr'><strong>,ι</strong></span> <span class='ocrx_word' id='word_1_87' title='bbox 225 1516 417 1610; x_wconf 74' lang='lat' dir='ltr'><strong>angustiam</strong></span> <span class='ocrx_word' id='word_1_88' title='bbox 437 1516 577 1592; x_wconf 87' lang='lat' dir='ltr'><strong>reddat.</strong></span> <span class='ocrx_word' id='word_1_89' title='bbox 627 1518 696 1591; x_wconf 86' lang='lat' dir='ltr'><strong>Sed</strong></span> <span class='ocrx_word' id='word_1_90' title='bbox 712 1518 822 1609; x_wconf 89' lang='lat' dir='ltr'><strong>quiin</strong></span> <span class='ocrx_word' id='word_1_91' title='bbox 841 1515 1061 1609; x_wconf 83' lang='lat' dir='ltr'><strong>Apostolicis</strong></span> <span class='ocrx_word' id='word_1_92' title='bbox 1079 1518 1205 1606; x_wconf 85' lang='lat' dir='ltr'><strong>literis,</strong></span> <span class='ocrx_word' id='word_1_93' title='bbox 1225 1523 1290 1608; x_wconf 82' lang='lat' dir='ltr'><strong>per</strong></span> <span class='ocrx_word' id='word_1_94' title='bbox 1329 1527 1331 1534; x_wconf 86' lang='lat'>&#39;</span> 
     </span>
    </p>

    <p class='ocr_par' dir='ltr' id='par_1_5' title="bbox 101 1613 1291 1912">
     <span class='ocr_line' id='line_1_13' title="bbox 101 1613 1291 1722; baseline -0.003 -35"><span class='ocrx_word' id='word_1_95' title='bbox 101 1617 104 1622; x_wconf 88' lang='grc'><strong>’</strong></span> <span class='ocrx_word' id='word_1_96' title='bbox 225 1636 312 1722; x_wconf 73' lang='lat' dir='ltr'><strong>quas</strong></span> <span class='ocrx_word' id='word_1_97' title='bbox 342 1613 499 1688; x_wconf 79' lang='lat' dir='ltr'><strong>Christus</strong></span> <span class='ocrx_word' id='word_1_98' title='bbox 525 1615 713 1710; x_wconf 78' lang='lat' dir='ltr'><strong>loquitur,</strong></span> <span class='ocrx_word' id='word_1_99' title='bbox 737 1619 817 1710; x_wconf 88' lang='lat' dir='ltr'><strong>jota</strong></span> <span class='ocrx_word' id='word_1_100' title='bbox 843 1636 974 1706; x_wconf 87' lang='lat' dir='ltr'><strong>unum,</strong></span> <span class='ocrx_word' id='word_1_101' title='bbox 1000 1631 1192 1694; x_wconf 75' lang='lat' dir='ltr'><strong>autunum</strong></span> <span class='ocrx_word' id='word_1_102' title='bbox 1218 1617 1291 1708; x_wconf 88' lang='lat' dir='ltr'><strong>api·</strong></span> 
     </span>
     <span class='ocr_line' id='line_1_14' title="bbox 224 1713 1290 1814; baseline -0.002 -27"><span class='ocrx_word' id='word_1_103' title='bbox 224 1736 305 1787; x_wconf 84' lang='lat' dir='ltr'><strong>cem</strong></span> <span class='ocrx_word' id='word_1_104' title='bbox 326 1735 402 1786; x_wconf 91' lang='lat' dir='ltr'><strong>non</strong></span> <span class='ocrx_word' id='word_1_105' title='bbox 430 1715 545 1787; x_wconf 88' lang='lat' dir='ltr'><strong>credit</strong></span> <span class='ocrx_word' id='word_1_106' title='bbox 570 1717 745 1814; x_wconf 87' lang='lat' dir='ltr'><strong>otiosum,</strong></span> <span class='ocrx_word' id='word_1_107' title='bbox 773 1713 984 1789; x_wconf 76' lang='lat' dir='ltr'><strong>alleverablt</strong></span> <span class='ocrx_word' id='word_1_108' title='bbox 1007 1736 1084 1788; x_wconf 90' lang='lat' dir='ltr'><strong>non</strong></span> <span class='ocrx_word' id='word_1_109' title='bbox 1105 1736 1169 1808; x_wconf 90' lang='lat' dir='ltr'><strong>per</strong></span> <span class='ocrx_word' id='word_1_110' title='bbox 1191 1734 1290 1787; x_wconf 82' lang='lat' dir='ltr'><strong>erro-</strong></span> 
     </span>
     <span class='ocr_line' id='line_1_15' title="bbox 223 1812 1291 1912; baseline -0.006 -20"><span class='ocrx_word' id='word_1_111' title='bbox 223 1833 301 1892; x_wconf 83' lang='lat' dir='ltr'><strong>rem</strong></span> <span class='ocrx_word' id='word_1_112' title='bbox 320 1812 504 1906; x_wconf 75' lang='lat' dir='ltr'><strong>apostolo</strong></span> <span class='ocrx_word' id='word_1_113' title='bbox 522 1815 729 1912; x_wconf 70' lang='lat' dir='ltr'><strong>contigiffe,</strong></span> <span class='ocrx_word' id='word_1_114' title='bbox 756 1828 797 1886; x_wconf 92' lang='lat' dir='ltr'><strong>ut</strong></span> <span class='ocrx_word' id='word_1_115' title='bbox 816 1817 878 1887; x_wconf 80' lang='lat' dir='ltr'><strong>tali</strong></span> <span class='ocrx_word' id='word_1_116' title='bbox 899 1817 1090 1888; x_wconf 90' lang='lat' dir='ltr'><strong>locutione</strong></span> <span class='ocrx_word' id='word_1_117' title='bbox 1114 1829 1291 1904; x_wconf 86' lang='lat' dir='ltr'><strong>uteretur,</strong></span> 
     </span>
    </p>

    <p class='ocr_par' dir='ltr' id='par_1_6' title="bbox 105 1912 1291 2013">
     <span class='ocr_line' id='line_1_16' title="bbox 105 1912 1291 2013; baseline -0.004 -27"><span class='ocrx_word' id='word_1_118' title='bbox 105 1925 109 1940; x_wconf 87' lang='lat'>&#39;</span> <span class='ocrx_word' id='word_1_119' title='bbox 226 1912 368 1986; x_wconf 74' lang='lat' dir='ltr'><strong>dictust</strong></span> <span class='ocrx_word' id='word_1_120' title='bbox 395 1916 466 2008; x_wconf 72' lang='lat' dir='ltr'><strong>Qui</strong></span> <span class='ocrx_word' id='word_1_121' title='bbox 487 1915 663 1986; x_wconf 71' lang='lat' dir='ltr'><strong>radicalis</strong></span> <span class='ocrx_word' id='word_1_122' title='bbox 683 1916 830 2013; x_wconf 79' lang='lat' dir='ltr'><strong>quidem,</strong></span> <span class='ocrx_word' id='word_1_123' title='bbox 855 1922 913 2011; x_wconf 81' lang='lat' dir='ltr'><strong>qui</strong></span> <span class='ocrx_word' id='word_1_124' title='bbox 931 1921 1198 2010; x_wconf 71' lang='lat' dir='ltr'><strong>perpetrantium</strong></span> <span class='ocrx_word' id='word_1_125' title='bbox 1218 1912 1291 1983; x_wconf 69' lang='lat' dir='ltr'><strong>bani</strong></span> 
     </span>
    </p>

    <p class='ocr_par' dir='ltr' id='par_1_7' title="bbox 144 2013 1294 2212">
     <span class='ocr_line' id='line_1_17' title="bbox 144 2013 1294 2111; baseline 0.002 -29"><span class='ocrx_word' id='word_1_126' title='bbox 144 2063 148 2070; x_wconf 36' lang='grc' dir='ltr'><em>ι</em></span> <span class='ocrx_word' id='word_1_127' title='bbox 218 2018 327 2107; x_wconf 71' lang='lat' dir='ltr'><strong>operis</strong></span> <span class='ocrx_word' id='word_1_128' title='bbox 340 2014 472 2105; x_wconf 77' lang='lat' dir='ltr'><strong>gloriam</strong></span> <span class='ocrx_word' id='word_1_129' title='bbox 490 2013 530 2090; x_wconf 67' lang='grc' dir='ltr'><strong>θ’</strong></span> <span class='ocrx_word' id='word_1_130' title='bbox 547 2016 695 2084; x_wconf 78' lang='lat' dir='ltr'><strong>honoram</strong></span> <span class='ocrx_word' id='word_1_131' title='bbox 712 2032 880 2111; x_wconf 78' lang='lat' dir='ltr'><strong>quarunt,</strong></span> <span class='ocrx_word' id='word_1_132' title='bbox 906 2022 1010 2084; x_wconf 79' lang='lat' dir='ltr'><strong>vitam</strong></span> <span class='ocrx_word' id='word_1_133' title='bbox 1029 2035 1189 2084; x_wconf 78' lang='lat' dir='ltr'><strong>aternam.</strong></span> <span class='ocrx_word' id='word_1_134' title='bbox 1226 2015 1294 2085; x_wconf 82' lang='lat' dir='ltr'><strong>llis</strong></span> 
     </span>
     <span class='ocr_line' id='line_1_18' title="bbox 215 2114 1293 2212; baseline -0.001 -30"><span class='ocrx_word' id='word_1_135' title='bbox 215 2132 349 2201; x_wconf 76' lang='lat' dir='ltr'><strong>uero,</strong></span> <span class='ocrx_word' id='word_1_136' title='bbox 386 2115 447 2201; x_wconf 90' lang='lat' dir='ltr'><strong>qui</strong></span> <span class='ocrx_word' id='word_1_137' title='bbox 468 2133 514 2212; x_wconf 80' lang='lat' dir='ltr'><strong>ex</strong></span> <span class='ocrx_word' id='word_1_138' title='bbox 542 2117 785 2188; x_wconf 85' lang='lat' dir='ltr'><strong>contentione</strong></span> <span class='ocrx_word' id='word_1_139' title='bbox 813 2117 1069 2208; x_wconf 84' lang='lat' dir='ltr'><strong>obtemperant</strong></span> <span class='ocrx_word' id='word_1_140' title='bbox 1093 2114 1293 2204; x_wconf 89' lang='lat' dir='ltr'><strong>iniquitati,</strong></span> 
     </span>
    </p>

    <p class='ocr_par' dir='ltr' id='par_1_8' title="bbox 96 2203 1334 2407">
     <span class='ocr_line' id='line_1_19' title="bbox 96 2203 1334 2311; baseline -0.002 -26"><span class='ocrx_word' id='word_1_141' title='bbox 96 2259 100 2268; x_wconf 85' lang='lat'>.</span> <span class='ocrx_word' id='word_1_142' title='bbox 127 2210 141 2238; x_wconf 84' lang='lat'><em>&#39;</em></span> <span class='ocrx_word' id='word_1_143' title='bbox 224 2231 303 2286; x_wconf 87' lang='lat' dir='ltr'><strong>nou</strong></span> <span class='ocrx_word' id='word_1_144' title='bbox 319 2209 430 2302; x_wconf 84' lang='lat' dir='ltr'><strong>dixit,</strong></span> <span class='ocrx_word' id='word_1_145' title='bbox 456 2210 547 2287; x_wconf 89' lang='lat' dir='ltr'><strong>Iram</strong></span> <span class='ocrx_word' id='word_1_146' title='bbox 565 2214 599 2285; x_wconf 82' lang='lat' dir='ltr'><strong>dt</strong></span> <span class='ocrx_word' id='word_1_147' title='bbox 616 2215 921 2311; x_wconf 80' lang='lat' dir='ltr'><strong>indignationem,</strong></span> <span class='ocrx_word' id='word_1_148' title='bbox 947 2228 989 2285; x_wconf 89' lang='lat' dir='ltr'><strong>ut</strong></span> <span class='ocrx_word' id='word_1_149' title='bbox 1012 2214 1045 2286; x_wconf 90' lang='lat'>&amp;</span> <span class='ocrx_word' id='word_1_150' title='bbox 1067 2213 1140 2288; x_wconf 91' lang='lat' dir='ltr'><strong>hoc</strong></span> <span class='ocrx_word' id='word_1_151' title='bbox 1163 2211 1294 2286; x_wconf 78' lang='lat' dir='ltr'><strong>refera-</strong></span> <span class='ocrx_word' id='word_1_152' title='bbox 1328 2203 1334 2234; x_wconf 68' lang='lat'><strong>²</strong></span> 
     </span>
     <span class='ocr_line' id='line_1_20' title="bbox 225 2310 1292 2407; baseline 0.005 -26"><span class='ocrx_word' id='word_1_153' title='bbox 225 2323 287 2382; x_wconf 90' lang='lat' dir='ltr'><strong>tur</strong></span> <span class='ocrx_word' id='word_1_154' title='bbox 306 2310 349 2381; x_wconf 91' lang='lat' dir='ltr'><strong>ad</strong></span> <span class='ocrx_word' id='word_1_155' title='bbox 368 2311 506 2399; x_wconf 77' lang='lat' dir='ltr'><strong>Reddet,</strong></span> <span class='ocrx_word' id='word_1_156' title='bbox 533 2314 630 2404; x_wconf 92' lang='lat' dir='ltr'><strong>quod</strong></span> <span class='ocrx_word' id='word_1_157' title='bbox 646 2311 805 2407; x_wconf 81' lang='lat' dir='ltr'><strong>superius</strong></span> <span class='ocrx_word' id='word_1_158' title='bbox 823 2314 982 2399; x_wconf 83' lang='lat' dir='ltr'><strong>dixerat3</strong></span> <span class='ocrx_word' id='word_1_159' title='bbox 1008 2311 1067 2384; x_wconf 93' lang='lat' dir='ltr'><strong>sed</strong></span> <span class='ocrx_word' id='word_1_160' title='bbox 1085 2315 1150 2386; x_wconf 79' lang='lat' dir='ltr'><strong>ait:</strong></span> <span class='ocrx_word' id='word_1_161' title='bbox 1180 2316 1233 2382; x_wconf 82' lang='lat' dir='ltr'><strong>lra</strong></span> <span class='ocrx_word' id='word_1_162' title='bbox 1252 2313 1292 2386; x_wconf 56' lang='grc' dir='ltr'><strong><em>ὅ</em></strong></span> 
     </span>
    </p>

    <p class='ocr_par' dir='ltr' id='par_1_9' title="bbox 191 2410 1298 2804">
     <span class='ocr_line' id='line_1_21' title="bbox 191 2410 1292 2508; baseline 0.007 -34"><span class='ocrx_word' id='word_1_163' title='bbox 191 2470 194 2474; x_wconf 80' lang='lat'><strong>.</strong></span> <span class='ocrx_word' id='word_1_164' title='bbox 225 2410 430 2504; x_wconf 77' lang='lat' dir='ltr'><strong>indignatio,</strong></span> <span class='ocrx_word' id='word_1_165' title='bbox 456 2412 686 2489; x_wconf 66' lang='lat' dir='ltr'><strong>tribulatio&amp;</strong></span> <span class='ocrx_word' id='word_1_166' title='bbox 707 2414 861 2508; x_wconf 76' lang='lat' dir='ltr'><strong>nrrguflia.</strong></span> <span class='ocrx_word' id='word_1_167' title='bbox 912 2411 1022 2484; x_wconf 80' lang='lat' dir='ltr'><strong>Unde</strong></span> <span class='ocrx_word' id='word_1_168' title='bbox 1049 2414 1106 2501; x_wconf 79' lang='lat' dir='ltr'><strong>qui</strong></span> <span class='ocrx_word' id='word_1_169' title='bbox 1127 2411 1292 2502; x_wconf 71' lang='lat' dir='ltr'><strong>spiritalis</strong></span> 
     </span>
     <span class='ocr_line' id='line_1_22' title="bbox 227 2507 1296 2607; baseline -0.002 -26"><span class='ocrx_word' id='word_1_170' title='bbox 227 2507 301 2598; x_wconf 87' lang='lat' dir='ltr'><strong>est,</strong></span> <span class='ocrx_word' id='word_1_171' title='bbox 337 2507 371 2582; x_wconf 85' lang='lat' dir='ltr'><strong>dr</strong></span> <span class='ocrx_word' id='word_1_172' title='bbox 398 2510 586 2607; x_wconf 84' lang='lat' dir='ltr'><strong>inteiligit,</strong></span> <span class='ocrx_word' id='word_1_173' title='bbox 618 2515 701 2604; x_wconf 90' lang='lat' dir='ltr'><strong>quid</strong></span> <span class='ocrx_word' id='word_1_174' title='bbox 726 2512 875 2606; x_wconf 79' lang='lat' dir='ltr'><strong>Spiritus</strong></span> <span class='ocrx_word' id='word_1_175' title='bbox 901 2512 1070 2601; x_wconf 88' lang='lat' dir='ltr'><strong>loquatur</strong></span> <span class='ocrx_word' id='word_1_176' title='bbox 1095 2512 1132 2583; x_wconf 95' lang='lat' dir='ltr'><strong>in</strong></span> <span class='ocrx_word' id='word_1_177' title='bbox 1159 2509 1296 2599; x_wconf 89' lang='lat' dir='ltr'><strong>Paulo,</strong></span> 
     </span>
     <span class='ocr_line' id='line_1_23' title="bbox 226 2607 1298 2704; baseline -0.002 -23"><span class='ocrx_word' id='word_1_178' title='bbox 226 2609 335 2681; x_wconf 82' lang='lat' dir='ltr'><strong>dicit:</strong></span> <span class='ocrx_word' id='word_1_179' title='bbox 363 2629 442 2682; x_wconf 90' lang='lat' dir='ltr'><strong>non</strong></span> <span class='ocrx_word' id='word_1_180' title='bbox 469 2611 546 2684; x_wconf 86' lang='lat' dir='ltr'><strong>haee</strong></span> <span class='ocrx_word' id='word_1_181' title='bbox 570 2611 788 2704; x_wconf 85' lang='lat' dir='ltr'><strong>Apostolum</strong></span> <span class='ocrx_word' id='word_1_182' title='bbox 815 2611 878 2703; x_wconf 86' lang='lat' dir='ltr'><strong>pe&#39;r</strong></span> <span class='ocrx_word' id='word_1_183' title='bbox 894 2611 1127 2703; x_wconf 70' lang='lat' dir='ltr'><strong>imperitiam,</strong></span> <span class='ocrx_word' id='word_1_184' title='bbox 1153 2607 1211 2681; x_wconf 90' lang='lat' dir='ltr'><strong>sed</strong></span> <span class='ocrx_word' id='word_1_185' title='bbox 1231 2629 1298 2701; x_wconf 88' lang='lat' dir='ltr'><strong>per</strong></span> 
     </span>
     <span class='ocr_line' id='line_1_24' title="bbox 226 2707 1294 2804; baseline 0 -24"><span class='ocrx_word' id='word_1_186' title='bbox 226 2707 384 2781; x_wconf 87' lang='lat' dir='ltr'><strong>divinam</strong></span> <span class='ocrx_word' id='word_1_187' title='bbox 411 2709 871 2804; x_wconf 78' lang='lat' dir='ltr'><strong>peritiamconscripsrlle:</strong></span> <span class='ocrx_word' id='word_1_188' title='bbox 901 2712 1035 2804; x_wconf 72' lang='lat' dir='ltr'><strong>scilieet</strong></span> <span class='ocrx_word' id='word_1_189' title='bbox 1064 2723 1104 2781; x_wconf 92' lang='lat' dir='ltr'><strong>ut</strong></span> <span class='ocrx_word' id='word_1_190' title='bbox 1129 2729 1191 2800; x_wconf 87' lang='lat' dir='ltr'><strong>per</strong></span> <span class='ocrx_word' id='word_1_191' title='bbox 1217 2709 1294 2780; x_wconf 83' lang='lat' dir='ltr'><strong>haec</strong></span> 
     </span>
    </p>

    <p class='ocr_par' dir='ltr' id='par_1_10' title="bbox 95 2804 1330 4109">
     <span class='ocr_line' id='line_1_25' title="bbox 95 2804 1294 2902; baseline 0.003 -25"><span class='ocrx_word' id='word_1_192' title='bbox 95 2849 97 2854; x_wconf 93' lang='lat'>-</span> <span class='ocrx_word' id='word_1_193' title='bbox 227 2804 437 2880; x_wconf 87' lang='lat' dir='ltr'><strong>ostenderet</strong></span> <span class='ocrx_word' id='word_1_194' title='bbox 447 2831 490 2881; x_wconf 83' lang='lat' dir='ltr'><strong>ea</strong></span> <span class='ocrx_word' id='word_1_195' title='bbox 505 2811 661 2902; x_wconf 86' lang='lat' dir='ltr'><strong>quidem,</strong></span> <span class='ocrx_word' id='word_1_196' title='bbox 674 2831 750 2902; x_wconf 85' lang='lat' dir='ltr'><strong>quae</strong></span> <span class='ocrx_word' id='word_1_197' title='bbox 769 2810 960 2882; x_wconf 88' lang='lat' dir='ltr'><strong>secundum</strong></span> <span class='ocrx_word' id='word_1_198' title='bbox 980 2809 1188 2898; x_wconf 89' lang='lat' dir='ltr'><strong>patientiam</strong></span> <span class='ocrx_word' id='word_1_199' title='bbox 1204 2809 1294 2881; x_wconf 86' lang='lat' dir='ltr'><strong>boni</strong></span> 
     </span>
     <span class='ocr_line' id='line_1_26' title="bbox 224 2908 1296 3004; baseline 0.003 -28"><span class='ocrx_word' id='word_1_200' title='bbox 224 2908 346 2995; x_wconf 82' lang='lat' dir='ltr'><strong>operis</strong></span> <span class='ocrx_word' id='word_1_201' title='bbox 374 2910 617 2997; x_wconf 67' lang='lat' dir='ltr'><strong>querentibus*</strong></span> <span class='ocrx_word' id='word_1_202' title='bbox 643 2910 792 3004; x_wconf 89' lang='lat' dir='ltr'><strong>gloriam</strong></span> <span class='ocrx_word' id='word_1_203' title='bbox 818 2910 851 2978; x_wconf 80' lang='lat' dir='ltr'><strong>u</strong></span> <span class='ocrx_word' id='word_1_204' title='bbox 877 2909 1189 2999; x_wconf 87' lang='lat' dir='ltr'><strong>incorruptionem</strong></span> <span class='ocrx_word' id='word_1_205' title='bbox 1216 2909 1296 2980; x_wconf 54' lang='lat' dir='ltr'><strong>reda</strong></span> 
     </span>
     <span class='ocr_line' id='line_1_27' title="bbox 225 3003 1295 3104; baseline 0 -28"><span class='ocrx_word' id='word_1_206' title='bbox 225 3005 345 3077; x_wconf 83' lang='lat' dir='ltr'><strong>denda</strong></span> <span class='ocrx_word' id='word_1_207' title='bbox 373 3005 470 3095; x_wconf 90' lang='lat' dir='ltr'><strong>sunt,</strong></span> <span class='ocrx_word' id='word_1_208' title='bbox 497 3028 562 3100; x_wconf 83' lang='lat' dir='ltr'><strong>per</strong></span> <span class='ocrx_word' id='word_1_209' title='bbox 587 3008 709 3080; x_wconf 86' lang='lat' dir='ltr'><strong>Deum</strong></span> <span class='ocrx_word' id='word_1_210' title='bbox 737 3005 868 3104; x_wconf 75' lang='lat' dir='ltr'><strong>reddi,</strong></span> <span class='ocrx_word' id='word_1_211' title='bbox 891 3006 926 3077; x_wconf 94' lang='lat' dir='ltr'><strong>id</strong></span> <span class='ocrx_word' id='word_1_212' title='bbox 954 3003 1033 3096; x_wconf 86' lang='lat' dir='ltr'><strong>est,</strong></span> <span class='ocrx_word' id='word_1_213' title='bbox 1060 3007 1170 3079; x_wconf 79' lang='lat' dir='ltr'><strong>vitam</strong></span> <span class='ocrx_word' id='word_1_214' title='bbox 1194 3005 1295 3078; x_wconf 75' lang='lat' dir='ltr'><strong>reter-</strong></span> 
     </span>
     <span class='ocr_line' id='line_1_28' title="bbox 223 3105 1289 3199; baseline -0.008 -23"><span class='ocrx_word' id='word_1_215' title='bbox 223 3125 327 3177; x_wconf 82' lang='lat' dir='ltr'><strong>namt</strong></span> <span class='ocrx_word' id='word_1_216' title='bbox 354 3127 397 3177; x_wconf 84' lang='lat' dir='ltr'><strong>ea</strong></span> <span class='ocrx_word' id='word_1_217' title='bbox 417 3126 531 3195; x_wconf 88' lang='lat' dir='ltr'><strong>vero,</strong></span> <span class='ocrx_word' id='word_1_218' title='bbox 557 3126 635 3199; x_wconf 85' lang='lat' dir='ltr'><strong>quae</strong></span> <span class='ocrx_word' id='word_1_219' title='bbox 653 3105 923 3194; x_wconf 89' lang='lat' dir='ltr'><strong>consequuntur</strong></span> <span class='ocrx_word' id='word_1_220' title='bbox 940 3125 1025 3196; x_wconf 85' lang='lat' dir='ltr'><strong>eos,</strong></span> <span class='ocrx_word' id='word_1_221' title='bbox 1047 3108 1105 3195; x_wconf 91' lang='lat' dir='ltr'><strong>qui</strong></span> <span class='ocrx_word' id='word_1_222' title='bbox 1123 3125 1187 3199; x_wconf 92' lang='lat' dir='ltr'><strong>per</strong></span> <span class='ocrx_word' id='word_1_223' title='bbox 1204 3125 1289 3176; x_wconf 86' lang='lat' dir='ltr'><strong>con.</strong></span> 
     </span>
     <span class='ocr_line' id='line_1_29' title="bbox 222 3202 1295 3297; baseline 0.002 -22"><span class='ocrx_word' id='word_1_224' title='bbox 222 3206 429 3278; x_wconf 88' lang='lat' dir='ltr'><strong>tentionem</strong></span> <span class='ocrx_word' id='word_1_225' title='bbox 460 3202 623 3278; x_wconf 85' lang='lat' dir='ltr'><strong>diffidunt</strong></span> <span class='ocrx_word' id='word_1_226' title='bbox 653 3205 794 3297; x_wconf 89' lang='lat' dir='ltr'><strong>quidem</strong></span> <span class='ocrx_word' id='word_1_227' title='bbox 827 3206 1002 3295; x_wconf 86' lang='lat' dir='ltr'><strong>veritati,</strong></span> <span class='ocrx_word' id='word_1_228' title='bbox 1040 3208 1295 3296; x_wconf 86' lang='lat' dir='ltr'><strong>obtemperant</strong></span> 
     </span>
     <span class='ocr_line' id='line_1_30' title="bbox 222 3302 1330 3398; baseline 0.001 -22"><span class='ocrx_word' id='word_1_229' title='bbox 222 3321 317 3376; x_wconf 86' lang='lat' dir='ltr'><strong>vero</strong></span> <span class='ocrx_word' id='word_1_230' title='bbox 334 3302 541 3398; x_wconf 89' lang='lat' dir='ltr'><strong>iniquitati,</strong></span> <span class='ocrx_word' id='word_1_231' title='bbox 565 3325 642 3379; x_wconf 93' lang='lat' dir='ltr'><strong>non</strong></span> <span class='ocrx_word' id='word_1_232' title='bbox 661 3327 681 3375; x_wconf 93' lang='lat' dir='ltr'><strong>a</strong></span> <span class='ocrx_word' id='word_1_233' title='bbox 705 3305 790 3376; x_wconf 87' lang='lat' dir='ltr'><strong>Deo</strong></span> <span class='ocrx_word' id='word_1_234' title='bbox 809 3303 904 3394; x_wconf 88' lang='lat' dir='ltr'><strong>dari,</strong></span> <span class='ocrx_word' id='word_1_235' title='bbox 932 3305 1031 3395; x_wconf 83' lang='lat' dir='ltr'><strong>cujus</strong></span> <span class='ocrx_word' id='word_1_236' title='bbox 1052 3305 1148 3377; x_wconf 89' lang='lat' dir='ltr'><strong>dona</strong></span> <span class='ocrx_word' id='word_1_237' title='bbox 1167 3304 1295 3395; x_wconf 83' lang='lat' dir='ltr'><strong>utique</strong></span> <span class='ocrx_word' id='word_1_238' title='bbox 1323 3303 1330 3320; x_wconf 90' lang='lat'><strong><em>‘</em></strong></span> 
     </span>
     <span class='ocr_line' id='line_1_31' title="bbox 221 3401 1293 3499; baseline 0.002 -25"><span class='ocrx_word' id='word_1_239' title='bbox 221 3403 493 3496; x_wconf 81' lang='lat' dir='ltr'><strong>permanentia,</strong></span> <span class='ocrx_word' id='word_1_240' title='bbox 520 3401 648 3495; x_wconf 81' lang='lat' dir='ltr'><strong>&amp;ipso</strong></span> <span class='ocrx_word' id='word_1_241' title='bbox 667 3404 771 3499; x_wconf 92' lang='lat' dir='ltr'><strong>digna</strong></span> <span class='ocrx_word' id='word_1_242' title='bbox 795 3402 898 3477; x_wconf 87' lang='lat' dir='ltr'><strong>sunt:</strong></span> <span class='ocrx_word' id='word_1_243' title='bbox 925 3401 983 3476; x_wconf 86' lang='lat' dir='ltr'><strong>sod</strong></span> <span class='ocrx_word' id='word_1_244' title='bbox 1005 3425 1049 3476; x_wconf 86' lang='lat' dir='ltr'><strong>ex</strong></span> <span class='ocrx_word' id='word_1_245' title='bbox 1070 3401 1293 3494; x_wconf 80' lang='lat' dir='ltr'><strong>consequen-</strong></span> 
     </span>
     <span class='ocr_line' id='line_1_32' title="bbox 222 3497 1293 3596; baseline 0.002 -22"><span class='ocrx_word' id='word_1_246' title='bbox 222 3503 273 3574; x_wconf 81' lang='lat' dir='ltr'><strong>tia</strong></span> <span class='ocrx_word' id='word_1_247' title='bbox 295 3497 474 3596; x_wconf 85' lang='lat' dir='ltr'><strong>gestorum</strong></span> <span class='ocrx_word' id='word_1_248' title='bbox 501 3499 643 3576; x_wconf 88' lang='lat' dir='ltr'><strong>suorum</strong></span> <span class='ocrx_word' id='word_1_249' title='bbox 667 3504 745 3594; x_wconf 86' lang='lat' dir='ltr'><strong>his,</strong></span> <span class='ocrx_word' id='word_1_250' title='bbox 772 3504 831 3594; x_wconf 92' lang='lat' dir='ltr'><strong>qui</strong></span> <span class='ocrx_word' id='word_1_251' title='bbox 850 3517 1045 3593; x_wconf 86' lang='lat' dir='ltr'><strong>operantur</strong></span> <span class='ocrx_word' id='word_1_252' title='bbox 1063 3504 1214 3592; x_wconf 89' lang='lat' dir='ltr'><strong>malum,</strong></span> <span class='ocrx_word' id='word_1_253' title='bbox 1240 3504 1293 3576; x_wconf 84' lang='lat' dir='ltr'><strong>ira</strong></span> 
     </span>
     <span class='ocr_line' id='line_1_33' title="bbox 222 3598 1293 3696; baseline 0.005 -24"><span class='ocrx_word' id='word_1_254' title='bbox 222 3602 259 3672; x_wconf 82' lang='lat' dir='ltr'><strong>dr</strong></span> <span class='ocrx_word' id='word_1_255' title='bbox 279 3599 503 3693; x_wconf 84' lang='lat' dir='ltr'><strong>indignatio,</strong></span> <span class='ocrx_word' id='word_1_256' title='bbox 530 3603 718 3676; x_wconf 86' lang='lat' dir='ltr'><strong>tribulatio</strong></span> <span class='ocrx_word' id='word_1_257' title='bbox 744 3602 778 3680; x_wconf 78' lang='lat' dir='ltr'><strong>da</strong></span> <span class='ocrx_word' id='word_1_258' title='bbox 804 3601 960 3696; x_wconf 88' lang='lat' dir='ltr'><strong>angustia</strong></span> <span class='ocrx_word' id='word_1_259' title='bbox 984 3603 1073 3682; x_wconf 87' lang='lat' dir='ltr'><strong>erit,</strong></span> <span class='ocrx_word' id='word_1_260' title='bbox 1097 3598 1293 3677; x_wconf 84' lang='lat' dir='ltr'><strong>seeundum</strong></span> 
     </span>
     <span class='ocr_line' id='line_1_34' title="bbox 223 3698 1293 3796; baseline 0.001 -22"><span class='ocrx_word' id='word_1_261' title='bbox 223 3719 289 3789; x_wconf 85' lang='lat' dir='ltr'><strong>ea,</strong></span> <span class='ocrx_word' id='word_1_262' title='bbox 313 3717 390 3787; x_wconf 85' lang='lat' dir='ltr'><strong>quae</strong></span> <span class='ocrx_word' id='word_1_263' title='bbox 407 3698 740 3776; x_wconf 84' lang='lat' dir='ltr'><strong>thesaurizaverunt</strong></span> <span class='ocrx_word' id='word_1_264' title='bbox 757 3698 817 3773; x_wconf 73' lang='lat' dir='ltr'><strong>sibi</strong></span> <span class='ocrx_word' id='word_1_265' title='bbox 836 3701 909 3793; x_wconf 76' lang='lat' dir='ltr'><strong>ipsi.</strong></span> <span class='ocrx_word' id='word_1_266' title='bbox 944 3701 1038 3776; x_wconf 90' lang='lat' dir='ltr'><strong>Nam</strong></span> <span class='ocrx_word' id='word_1_267' title='bbox 1057 3701 1183 3796; x_wconf 87' lang='lat' dir='ltr'><strong>utique</strong></span> <span class='ocrx_word' id='word_1_268' title='bbox 1202 3702 1293 3775; x_wconf 77' lang='lat' dir='ltr'><strong>sicut</strong></span> 
     </span>
     <span class='ocr_line' id='line_1_35' title="bbox 220 3798 1294 3899; baseline 0.002 -27"><span class='ocrx_word' id='word_1_269' title='bbox 220 3798 272 3873; x_wconf 89' lang='lat' dir='ltr'><strong>ibi</strong></span> <span class='ocrx_word' id='word_1_270' title='bbox 292 3802 400 3879; x_wconf 81' lang='lat' dir='ltr'><strong>vitam</strong></span> <span class='ocrx_word' id='word_1_271' title='bbox 424 3816 576 3874; x_wconf 70' lang='lat' dir='ltr'><strong>aternam</strong></span> <span class='ocrx_word' id='word_1_272' title='bbox 597 3800 678 3876; x_wconf 84' lang='lat' dir='ltr'><strong>casu</strong></span> <span class='ocrx_word' id='word_1_273' title='bbox 707 3800 914 3874; x_wconf 87' lang='lat' dir='ltr'><strong>accusativo</strong></span> <span class='ocrx_word' id='word_1_274' title='bbox 937 3800 1158 3899; x_wconf 82' lang='lat' dir='ltr'><strong>protulerat,</strong></span> <span class='ocrx_word' id='word_1_275' title='bbox 1184 3801 1234 3873; x_wconf 87' lang='lat' dir='ltr'><strong>ita</strong></span> <span class='ocrx_word' id='word_1_276' title='bbox 1257 3800 1294 3874; x_wconf 85' lang='lat' dir='ltr'><strong>dt</strong></span> 
     </span>
     <span class='ocr_line' id='line_1_36' title="bbox 220 3898 1294 3998; baseline -0.002 -23"><span class='ocrx_word' id='word_1_277' title='bbox 220 3898 282 3975; x_wconf 88' lang='lat' dir='ltr'><strong>hie</strong></span> <span class='ocrx_word' id='word_1_278' title='bbox 308 3900 396 3974; x_wconf 84' lang='lat' dir='ltr'><strong>iram</strong></span> <span class='ocrx_word' id='word_1_279' title='bbox 423 3898 456 3970; x_wconf 81' lang='lat' dir='ltr'><strong>da</strong></span> <span class='ocrx_word' id='word_1_280' title='bbox 481 3901 787 3998; x_wconf 84' lang='lat' dir='ltr'><strong>indignationem,</strong></span> <span class='ocrx_word' id='word_1_281' title='bbox 815 3900 1157 3993; x_wconf 80' lang='lat' dir='ltr'><strong>tribulationemque</strong></span> <span class='ocrx_word' id='word_1_282' title='bbox 1180 3899 1214 3976; x_wconf 77' lang='lat' dir='ltr'><strong>dt</strong></span> <span class='ocrx_word' id='word_1_283' title='bbox 1234 3921 1294 3973; x_wconf 83' lang='lat' dir='ltr'><strong>an·</strong></span> 
     </span>
     <span class='ocr_line' id='line_1_37' title="bbox 212 3994 1291 4109; baseline -0.011 -33"><span class='ocrx_word' id='word_1_284' title='bbox 212 3994 370 4097; x_wconf 66' lang='lat' dir='ltr'><strong>goliam</strong></span> <span class='ocrx_word' id='word_1_285' title='bbox 399 3995 479 4082; x_wconf 81' lang='lat' dir='ltr'><strong>casu</strong></span> <span class='ocrx_word' id='word_1_286' title='bbox 502 3999 708 4085; x_wconf 78' lang='lat' dir='ltr'><strong>accusativo</strong></span> <span class='ocrx_word' id='word_1_287' title='bbox 732 3995 953 4106; x_wconf 72' lang='lat' dir='ltr'><strong>protulisset,</strong></span> <span class='ocrx_word' id='word_1_288' title='bbox 980 3997 1004 4079; x_wconf 81' lang='lat' dir='ltr'><strong>sa</strong></span> <span class='ocrx_word' id='word_1_289' title='bbox 1027 3999 1123 4079; x_wconf 87' lang='lat' dir='ltr'><strong>idad</strong></span> <span class='ocrx_word' id='word_1_290' title='bbox 1141 3997 1291 4109; x_wconf 78' lang='lat' dir='ltr'><strong>redden.</strong></span> 
     </span>
    </p>

    <p class='ocr_par' dir='ltr' id='par_1_11' title="bbox 146 4111 1245 4176">
     <span class='ocr_line' id='line_1_38' title="bbox 146 4111 1245 4176; baseline 0.004 -4"><span class='ocrx_word' id='word_1_291' title='bbox 146 4121 170 4143; x_wconf 73' lang='lat'><strong>&#39;¹⁶</strong></span> <span class='ocrx_word' id='word_1_292' title='bbox 325 4111 329 4118; x_wconf 89' lang='lat'>&#39;</span> <span class='ocrx_word' id='word_1_293' title='bbox 1194 4113 1245 4176; x_wconf 58' lang='lat' dir='ltr'><strong>il&amp;</strong></span> 
     </span>
    </p>
   </div>
   <div class='ocr_carea' id='block_1_3' title="bbox 0 0 1420 4559">
    <p class='ocr_par' dir='ltr' id='par_1_12' title="bbox 0 0 1420 4559">
     <span class='ocr_line' id='line_1_39' title="bbox 0 0 1420 4559; baseline 0 0"><span class='ocrx_word' id='word_1_294' title='bbox 0 0 1420 4559; x_wconf 95' lang='lat' dir='ltr'><strong> </strong></span> 
     </span>
    </p>
   </div>
  </div>
 </body>
</html>
