2825 4559
90 329 93 344 ·
204 308 276 390 ιρι
364 287 654 367 omonnrs
695 287 1108 374 commentatt.

147 495 153 526 l
187 454 356 530 *introire
370 453 573 529 mendaces.
599 450 796 528 Etrursum
813 452 903 528 istud
917 455 1044 530 ostium
1060 455 1194 548 jvstitii
1209 454 1276 547 est,

157 575 161 590 ¹
207 556 321 648 &per
340 552 467 626 ostium
481 551 624 645 justitia!
639 575 716 627 non
728 554 981 649 ingrediuntur¹
995 556 1125 648 injusti.
1175 555 1273 629 istud

208 652 338 729 ostium
363 654 468 726 dicit:
499 654 619 739 Discite
642 681 661 724 u
684 676 747 741 me,
775 661 852 750 qaia
868 660 963 727 -mitir
988 661 1055 741 iam
1079 658 1117 733 (ὅ
1142 660 1277 727 humilis

206 756 305 827 corde.
358 752 433 850 Per¹
443 752 571 827 ostium
595 772 684 849 ergo
711 754 918 828 humilitatis
946 755 1278 844 &mansuetudinis

199 853 278 930 ¹'nec
295 852 485 927 iracundus
502 854 722 948 ingreditur,
750 875 818 926 nec
834 855 1016 947 superbus.
1063 855 1099 928 Si
1112 859 1197 947 'quis
1213 858 1280 928 ita·

123 1043 126 1048 ,
208 975 279 1047 que
296 951 366 1043 est,
393 953 452 1043 qui
467 950 661 1027 secundom
679 951 847 1046 Apostoli
866 960 1041 1047 verbum,
1068 976 1132 1049 per
1149 955 1279 1029 Domi·

208 1072 293 1129 num
310 1048 469 1125 nostrum
484 1050 602 1147 Jesum
612 1052 787 1127 Christum
804 1050 977 1127 accessum
995 1058 1075 1126 vult
1092 1056 1225 1128 habete
1238 1058 1277 1128 ln

105 1150 114 1164 “
207 1155 356 1253 gratiam
374 1153 540 1234 Domini,
566 1153 604 1224 in
622 1173 692 1242 qua
708 1152 857 1242 Paulus,
884 1154 917 1225 dr
936 1154 959 1226 sr
979 1157 1036 1243 qul
1055 1153 1135 1227 sunt
1149 1154 1277 1228 slmiles

208 1256 310 1347 ejus,
337 1250 427 1325 stare
453 1248 487 1323 se
513 1251 619 1330 dicit.
647 1268 801 1343 oportet
827 1273 908 1326 eurn
936 1255 979 1324 ab
1007 1255 1060 1327 his
1087 1256 1277 1345 omnibus,

208 1349 409 1446 quaesupra
433 1351 733 1442 memoravimus,
760 1350 1047 1448 elie-purgatum.
1101 1352 1277 1444 Alioquin
1305 1370 1307 1374 ’

208 1473 286 1527 non
305 1453 460 1545 patietur
476 1452 550 1523 hoc
567 1449 696 1525 ostium
718 1453 890 1525 introrire
909 1474 973 1526 eos
993 1473 1056 1546 per
1075 1451 1125 1540 se,
1146 1455 1206 1543 qui
1222 1473 1279 1541 ea,
1315 1496 1318 1499 -

164 1571 168 1580 “
209 1573 287 1644 quae
306 1573 324 1623 a
343 1551 377 1622 se
392 1552 505 1624 aliena
522 1547 621 1636 sunt,
637 1570 786 1646 gerunt,
813 1550 870 1624 sed
890 1554 1067 1625 continuo
1085 1554 1278 1645 clauditur,

165 1695 170 1703 ·
209 1654 244 1726 δι
260 1650 408 1726 transtro
426 1669 491 1743 per
508 1647 635 1722 senon
653 1650 733 1723 srnit
753 1650 925 1725 diffimiles
943 1650 1015 1726 srbi.
1068 1652 1152 1724 Hoc
1178 1654 1281 1726 nimi·

209 1773 288 1825 turn
307 1747 371 1841 est,
388 1750 486 1841 quod
505 1750 539 1821 δι
556 1747 626 1823 illis
644 1753 801 1841 quinque
817 1751 1060 1843 insipientibus
1080 1752 1280 1847 virginibus

208 1849 484 1940 accitumque,
511 1852 681 1940 quoniam
706 1853 827 1923 oleum
854 1853 1035 1923 bonorum
1062 1871 1213 1943 operum
1229 1853 1278 1925 in

206 1948 359 2025 vasculis
376 1946 443 2020 suis
461 1967 538 2021 non
555 1949 804 2042 collegerant,
831 1952 1021 2039 venientes
1042 1951 1122 2042 post
1140 1971 1275 2045 moras,

208 2045 508 2133 clausumostium
528 2049 762 2124 invenerunt.
801 2045 884 2121 Nec
901 2050 994 2122 eninr
1012 2064 1183 2143 poterant
1200 2048 1280 2123 inli-

207 2152 352 2246 pientes
370 2150 492 2221 animae
507 2166 573 2239 pet
589 2146 718 2222 ostiurn
737 2149 888 2221 introire
906 2148 1097 2240 sapientiae,
1115 2148 1148 2220 dr
1165 2147 1280 2222 acces·

207 2251 282 2324 sutn
303 2250 434 2321 habere
455 2248 670 2341 ingratiam.
719 2247 821 2320 Bene
837 2261 954 2321 autern
976 2247 1173 2339 Apostolus
1190 2248 1282 2321 Pau·

208 2352 265 2425 lus
285 2351 320 2421 in
339 2349 452 2445 gratia
466 2345 556 2419 stare
570 2344 606 2419 se
622 2347 724 2438 dicit,
739 2343 848 2437 qui&
865 2348 947 2420 alibi
966 2348 1077 2421 dixit:
1104 2351 1280 2420 Abundan-

204 2457 272 2526 tius
288 2465 393 2519 aulem
410 2471 504 2546 quam
521 2470 623 2517 omnes
646 2448 698 2515 iili
716 2449 882 2518 subtranit
916 2472 980 2517 non
1002 2464 1109 2519 uatem
1130 2474 1200 2541 ego,
1223 2448 1278 2535 sed

203 2559 313 2648 gratia
334 2554 395 2619 Del
411 2572 535 2621 mecum.
588 2545 696 2618 Unde
713 2547 735 2618 st
754 2548 833 2639 quis
849 2544 899 2620 est
913 2549 1023 2638 alius,
1052 2552 1111 2639 qui
1131 2550 1277 2622 laboret
1296 2603 1309 2646 ,

95 2646 98 2650 ’
206 2649 465 2740 abundantius,
490 2647 524 2719 &
549 2646 609 2736 qui
635 2646 811 2742 glorietur
835 2647 873 2719 in
897 2643 1161 2722 infirmitatibus
1185 2648 1276 2741 suis,

205 2752 315 2844 quiin
331 2749 500 2841 periculis
514 2745 607 2841 saepe
623 2746 805 2842 versetur,
829 2748 979 2841 periculis
995 2752 1114 2836 maris,
1126 2749 1274 2842 periculis

195 2852 396 2950 flaminum,
420 2848 569 2942 periculis
582 2847 769 2936 lutrarum,
786 2849 935 2941 periculis
950 2852 985 2915 iat
996 2846 1087 2940 fuisti
1096 2847 1273 2939 frutribus,

205 2953 240 3023 ilc
265 2952 300 3022 in
328 2949 382 3021 his
409 2947 575 3019 omnibus
600 2942 669 3018 stet
695 2946 831 3037 semper
857 2943 1007 3038 infide,
1035 2947 1099 3020 iste
1117 2948 1275 3021 similiter

205 3048 297 3122 stare
315 3047 445 3120 dicitur
463 3048 498 3116 in
516 3046 636 3140 gratia.
677 3044 747 3117 Sed
765 3044 798 3117 δι
817 3046 916 3135 quod
935 3043 1115 3139 sequitur,
1148 3050 1192 3118 Et
1208 3048 1275 3141 gle-

204 3156 329 3223 riamar
346 3154 381 3216 ln
396 3151 443 3232 lpe
454 3149 561 3239 glorta
580 3150 643 3215 Dal
653 3195 663 3228 ‚
690 3146 794 3235 quale
811 3144 876 3235 stt,
903 3146 1099 3218 videamus.
1130 3147 1274 3228 Movet

203 3272 282 3341 me,
310 3265 372 3320 cut
392 3265 468 3319 non
487 3243 619 3317 dixerit
636 3245 779 3338 gloriari
796 3242 831 3316 se
851 3245 1018 3339 ingloria
1038 3245 1129 3338 Dei,
1157 3246 1217 3319 sed
1233 3255 1273 3318 in

195 3351 250 3447 spa
266 3350 374 3443 gloria
400 3350 481 3416 Del:
507 3345 543 3416 in
560 3363 634 3434 quo
652 3341 769 3415 deelie
787 3345 928 3434 quidem
946 3343 1077 3434 aliquid
1091 3347 1272 3418 elocutio·

200 3452 254 3526 nis
277 3449 442 3532 videtur,
470 3446 520 3516 ita
542 3457 585 3515 ut
608 3440 785 3515 subaudiri
811 3442 963 3534 debeat,
991 3449 1027 3513 in
1038 3444 1089 3539 spe
1104 3445 1272 3520 videndae

197 3554 304 3645 gloria
323 3552 397 3621 Dal.
424 3542 569 3618 Educet
588 3559 707 3615 autem
726 3563 795 3615 nos
814 3562 881 3634 per
892 3542 990 3634 lraec,
1018 3543 1107 3617 licut
1127 3544 1162 3616 u
1185 3547 1268 3618 alibi

198 3647 397 3743 ipsedicit,
423 3646 526 3735 quia,
550 3667 619 3739 quc
630 3644 942 3738 [perdonavimus
955 3644 1058 3730 sanir
1082 3665 1269 3740 quaestam

196 3755 383 3834 videntur„
400 3743 594 3839 temporalia.
655 3739 749 3814 Nam
768 3741 892 3815 vidiss'e
912 3742 1041 3814 dicitur
1063 3742 1095 3815 ἀ
1115 3744 1268 3837 Moyses

194 3849 346 3946 gloriam
363 3846 455 3930 Dei3
484 3839 609 3915 vidisse
632 3839 763 3914 dicitur
788 3843 820 3915 δι
843 3844 1000 3936 populus
1022 3847 1058 3916 in
1077 3844 1267 3918 consecra.

194 3950 299 4024 tione
314 3950 444 4021 domus
462 3941 612 4040 Domini
627 3941 777 4039 gloriam
793 3938 1003 4016 Deilsrael.
1065 3939 1132 4116 8ἱά
1160 3946 1194 4016 dr
1220 3946 1266 4022 de

1118 4053 1213 4138 tuus·
