2825 4559
98 299 171 372 512
261 267 1002 358 0R16EN1800Mn1ENTAR;

105 439 269 515 &multo
288 441 389 532 plura
405 431 536 531 scierit,
549 457 652 528 quarn
664 425 849 533 scripserit.
877 437 1070 531 Tanquam
1083 438 1175 515 enim

105 543 168 634 qui
183 533 439 634 muita-sciret,
464 537 533 610 noc
555 553 674 612 tamen
698 539 846 612 auderet
863 539 1177 630 muita-ptofene,
1252 564 1266 634 ρ

107 638 289 714 audaciam
313 638 376 712 sibi
399 635 500 711 fuisse
523 638 630 730 dicit,
658 652 699 710 ut
724 639 838 730 aliqua
856 638 977 712 saltem
994 631 1178 729 scriptura
1215 619 1219 686 7
1252 689 1266 729 c

108 737 367 818 committeret.
420 735 534 835 Quod
555 757 647 808 vero
672 739 741 828 ait,
778 741 1025 808 commemorans
1048 762 1105 808 vas
1123 757 1177 832 par
1215 799 1218 838 Ι
1257 791 1266 856 j

103 839 369 932 gratiamdaaam
387 839 488 926 mihi,
515 837 650 908 indicat
670 835 771 910 fuisse
787 838 927 927 quidem
943 835 1004 912 sibi
1018 838 1094 928 jam
1110 834 1178 908 ser·
1214 861 1217 980 ρ

104 955 252 1013 monem
269 936 314 1009 de
329 937 480 1014 talibus,
508 935 742 1008 &differuiffe
761 935 795 1009 se
810 931 897 1029 sae'pe
915 937 959 1008 de
975 933 1174 1028 mysteriis:
1256 987 1266 1028 ,

104 1034 167 1110 sed
190 1038 359 1127 quoniam
384 1055 461 1124 que
483 1033 559 1106 solo
581 1035 746 1110 sermone
766 1035 857 1108 diua
873 1035 1110 1126 sunt‚,facile
1120 1037 1177 1108 in·
1254 1063 1266 1130 ρ

105 1138 286 1228 tercipete
313 1131 431 1229 ponet·
456 1136 622 1226 oblivio,
656 1155 721 1228 per
738 1135 844 1226 hec,
871 1136 1006 1226 inquit,
1035 1153 1173 1228 pauca,
1218 1143 1222 1152 '
1258 1187 1266 1228 ρ

101 1249 186 1328 'que
211 1233 325 1327 scripit
351 1253 415 1326 per
441 1233 729 1329 gratiam'datam
754 1233 861 1326 mihi,
893 1237 1040 1328 iliorum
1060 1233 1175 1324 'vobis
1218 1259 1222 1268 ·
1261 1293 1266 1324 ,

105 1337 314 1410 memoriam
330 1351 487 1426 revoco,
498 1351 574 1423 quae
590 1355 608 1406 a
623 1349 680 1406 me
696 1334 800 1422 latina
818 1333 908 1426 sape
923 1331 1066 1405 differta
1084 1331 1173 1406 sunt.
1220 1325 1223 1428 i
1261 1389 1266 1424 2

104 1433 166 1507 De
182 1436 446 1530 geminantem,
476 1451 579 1524 quam
592 1432 656 1524 ¹fibi
675 1433 792 1508 datam
809 1431 934 1506 Paulus
950 1451 1173 1506 commemo·

105 1546 181 1626 rat,
207 1532 308 1627 supra
323 1535 395 1626 jam
414 1532 577 1606 diximus.
632 1535 750 1628 Quam
765 1531 915 1625 gratiam
940 1533 989 1604 ob
1012 1533 1090 1605 hoc
1107 1531 1171 1605 nni

106 1635 225 1706 datam
240 1633 348 1723 dicit,
376 1649 414 1702 nt
426 1632 503 1727 fian,
529 1632 666 1722 inquit,
689 1635 873 1725 ministrans
895 1631 1017 1728 Christo
1038 1631 1121 1728 Jesu
1138 1637 1173 1702 a'n
1225 1695 1228 1712 ,

108 1732 283 1817 Gentibus,
303 1730 510 1820 sandiificans
527 1729 738 1824 Evangelium
759 1735 832 1804 Dei.
864 1727 998 1828 'Quod
1021 1749 1092 1802 nos
1118 1731 1175 1804 ha·

106 1832 248 1914 bemus,
260 1829 465 1921 saanfiificans
483 1831 693 1926 Euangeliou
714 1829 921 1913 naturaei
941 1829 1174 1926 magnificen-

106 1933 341 2021 tiusdicunt,
366 1928 573 2028 ἱερκργεντα
595 1957 637 2004 το
660 1925 861 2025 εὐαρρελιον
887 1953 933 2001 te
954 1930 1046 2012 Seu,
1074 1931 1173 2022 quod

106 2032 196 2104 iicet
211 2047 288 2103 non
305 2035 411 2125 plene
428 2030 589 2120 anobis,
616 2025 734 2120 poffet
756 2043 874 2104 tamen
899 2029 970 2102 dici
991 2025 1175 2122 satanicam

108 2131 322 2222 Evangeiium
340 2134 428 2200 Dei.-
451 2145 515 2222 pet
532 2131 631 2220 quod
647 2127 860 2222 ostenditur,
872 2123 1065 2201 sacrificale
1085 2149 1175 2224 opus

106 2227 177 2304 effe
193 2230 409 2304 annuntiare
428 2225 672 2324 Evangeiium.
701 2225 843 2301 Idcirco
863 2227 1015 2318 denique
1030 2227 1175 2325 subjun-

105 2333 176 2428 git:
211 2332 255 2399 Ut
273 2331 333 2415 fiat
352 2330 467 2400 ablatio
486 2331 641 2400 Gentium
656 2344 796 2422 accepta,
813 2323 1014 2416 sandiificota
1039 2335 1077 2397 in
1100 2331 1177 2424 Spi-

106 2439 177 2503 ritu
187 2425 310 2520 santia.
337 2427 541 2524 Sicut'ergo
557 2425 748 2516 pontifices
763 2445 843 2500 cum
859 2427 1086 2519 offerebant,
1116 2447 1176 2502 ne-

109 2529 256 2604 ceiiatio
274 2530 324 2601 eis
345 2543 422 2600 etat
435 2527 723 2620 providendum,
749 2545 795 2600 ne
813 2529 947 2600 macula
965 2523 1092 2600 ineffet
1111 2527 1179 2600 ho·

106 2633 200 2718 stiae,
227 2649 273 2703 ne
298 2629 543 2719 vituperatio,
565 2643 613 2699 ne
636 2629 786 2713 vitium,
820 2637 860 2698 ut
883 2624 998 2720 puiset
1022 2643 1176 2721 accepta
1236 2659 1238 2672 ·

108 2729 178 2804 effe
195 2729 280 2802 Deo
299 2728 332 2800 ἃ
350 2742 467 2822 grata:
492 2729 542 2798 ita
561 2727 594 2798 dc
611 2727 670 2818 qui
687 2723 921 2820 Evangelium
940 2722 1129 2817 sacrificat,
1144 2729 1176 2800 u

106 2832 261 2904 verbum
277 2825 348 2898 Dei
367 2827 579 2913 annunciat,
607 2841 732 2898 curate
750 2823 967 2900 omnimodis
984 2823 1107 2922 debet,
1128 2843 1175 2898 ne

108 2929 227 3022 quain
248 2924 474 3016 praedicando
491 2925 648 3013 maenia,
676 2941 723 2996 ne
747 2922 845 3014 quod
870 2925 905 2996 in
926 2921 1097 3018 docendo
1120 2927 1175 2997 ui·

106 3033 218 3116 tium,
242 3044 289 3097 ne
313 3042 381 3113 qua
403 3024 439 3093 in
463 3020 664 3118 magisterio
692 3023 795 3116 canipa
816 3021 998 3111 nascatur3
1025 3000 1105 3118 se'd,
1134 3037 1176 3098 ut

104 3131 156 3202 ita
176 3124 347 3215 dixerim,
372 3121 395 3195 fi
415 3119 490 3194 fieti
509 3119 648 3214 potest,
676 3115 896 3217 semetipsum
916 3122 1030 3214 primo
1045 3119 1176 3199 immo·

105 3231 180 3319 let,
206 3223 404 3315 septimum
422 3221 518 3294 vitiis
533 3220 690 3318 jugulet,
707 3218 766 3294 sua
783 3222 880 3316 ptius
897 3237 1050 3316 peccato
1064 3221 1175 3298 roema

106 3330 171 3403 bra
195 3317 412 3413 mortificat,
438 3336 577 3395 utnon
601 3317 713 3394 solum
738 3319 919 3413 dodirina,
947 3317 1005 3396 sed
1032 3321 1174 3396 &uite
1249 3349 1254 3466 Ι

107 3423 277 3519 exemplo
303 3417 555 3516 discipulorum
581 3419 726 3495 salutem
752 3419 975 3496 oblationem
1001 3419 1094 3494 suam
1116 3441 1174 3494 ac·
1252 3475 1256 3493 .

105 3541 246 3622 ceptam
272 3522 379 3596 faciat
408 3520 512 3616 Deo.¹
556 3519 787 3610 Saniiificata,
813 3516 949 3613 inquit,
977 3525 1012 3590 in
1036 3525 1170 3616 Spiritu

100 3625 223 3723 santio.
273 3613 569 3696 Sandiificationis
595 3615 679 3708 fona
706 3619 856 3713 Spiritus
883 3619 1016 3694 sandius
1037 3617 1107 3704 est,
1138 3623 1173 3694 dt

104 3729 190 3802 ideo
209 3723 346 3797 oblatio
364 3718 557 3813 Gentium,
585 3738 660 3810 quae
685 3715 795 3818 Paulo
818 3711 1038 3792 sacrificante
1060 3719 1172 3792 offer-

104 3844 183 3917 tur,
209 3839 286 3896 non
312 3838 377 3915 per
401 3813 662 3892 observantiam
686 3816 799 3913 legis,
826 3817 884 3894 sed
907 3839 971 3916 per
995 3820 1170 3934 Spiritum

103 3927 256 4006 sandium
276 3933 425 4018 accepta
442 3915 520 3993 fleri
539 3918 668 3993 dicitur
687 3915 784 3992 Deo.
1046 4017 1088 4095 H
1260 3971 1266 4041 Ι

976 4031 1034 4098 120
1084 4045 1117 4094 a·
