2825 4559
288 351 349 429 ru
373 301 656 442 tirsrgao
680 283 911 423 nomam
938 341 1042 424 trs.
1068 346 1096 424 r.
1184 367 1229 440 η
1306 379 1312 388 -

161 517 269 614 fignis
288 516 322 588 ta
342 510 537 587 virtutibus
555 508 688 585 suadet.
740 509 879 582 Verum
896 509 966 584 nos
986 514 1114 586 omnes
1134 511 1232 585 sruc-
1330 474 1338 512 ⁸

164 633 226 690 tus
251 614 358 689 affert
378 611 530 703 Paulus,
556 611 638 702 quia
659 625 829 700 tanquam
853 611 987 702 palmes
1011 613 1129 686 bonus
1152 634 1233 706 per·

164 731 291 794 manet
308 717 346 787 in
361 716 440 786 uite
454 732 560 796 vera,
578 708 720 800 quaeest
739 705 922 808 Christus,
943 732 1047 801 quem
1065 711 1234 802 frequen·

165 817 245 888 tius-
258 814 363 888 Pater
383 824 510 908 purgat
525 810 710 906 agricola,
727 808 760 880 dr
775 809 859 881 ideo
871 807 1023 886 studium
1040 812 1234 905 plurimum
1326 861 1337 883 r

166 913 289 990 affert.
340 911 472 1009 Purgat
495 925 614 983 autem
637 929 718 981 eum
743 908 780 981 in
801 910 1007 1005 laboribus,
1032 913 1069 984 in
1090 913 1236 984 tribula·
1303 945 1305 950 ·

167 1016 355 1107 tionibus,
381 1011 418 1085 in
432 1007 758 1104 persecutionibus.
810 1009 902 1080 Sunt
921 1011 1017 1084 enim
1035 1013 1091 1083 alii
1112 1013 1237 1104 palmi·

128 1163 132 1168 -
169 1115 338 1207 tes,·qui
363 1113 403 1186 in
426 1111 505 1183 vite
533 1109 675 1200 quidem
700 1124 937 1203 permanent,
963 1109 1113 1185 tronum
1141 1131 1237 1183 vero

168 1231 252 1290 nou
266 1213 411 1304 serunt,
437 1207 495 1285 sed
510 1207 591 1282 sunt
605 1208 704 1282 aridi·
756 1206 812 1280 Ex
831 1212 958 1298 quibus
976 1209 1058 1282 sunt
1072 1212 1148 1303 illi,
1175 1213 1237 1302 qui

170 1314 320 1389 nomine
338 1307 483 1403 quidem
502 1324 712 1403 permanent
733 1310 768 1381 in
791 1306 959 1400 christu,
986 1311 1159 1404 operibus
1178 1331 1238 1382 eu·

170 1428 270 1506 tem,
297 1407 481 1484 &aiiibus
502 1406 711 1482 infrusluost
734 1409 969 1481 inveniuntur
990 1409 1149 1501 umidi,
1175 1412 1236 1499 qui

172 1515 344 1612 dicuntur
367 1510 484 1583 excidi
509 1530 529 1580 a
551 1508 677 1592 Patre,
711 1506 745 1580 St
771 1509 807 1578 in
834 1509 952 1603 ignem
978 1509 1084 1583 mitti.
1138 1508 1240 1583 Sicut

172 1614 269 1686 enim
285 1608 548 1706 primushomo
567 1608 682 1680 Adam
698 1607 784 1679 vitis
803 1609 961 1697 qrtaedam
981 1608 1069 1694 fuir,
1087 1608 1120 1682 tt
1139 1611 1240 1683 radix

172 1711 320 1788 humani
334 1709 504 1805 -generis,
530 1728 608 1798 quae
626 1707 746 1782 attulit
763 1708 936 1797 quosdam
956 1710 1097 1800 quidem
1118 1711 1241 1800 palmi·

176 1827 232 1884 tes
252 1807 479 1899 frutiuosos,
505 1823 547 1879 ut
562 1808 671 1900 Seth,
699 1804 824 1896 Enos,
853 1804 1001 1899 Enoch,
1024 1810 1240 1980 greliquos

175 1931 293 2004 usque
314 1907 356 1982 ad
372 1907 483 1995 Noe;
509 1909 599 1980 alios
623 1919 744 1979 autem
764 1905 1014 1982 insrubiuosos
1079 1911 1239 2003 inutiles,

152 2025 219 2085 -ιιι
236 2007 349 2101 Cain,
377 2007 411 2080 dr
432 2028 597 2097 omnem,
624 2027 701 2097 quae
721 2026 767 2079 ex
789 2006 866 2099 ipso
889 2022 1081 2098 procreata
1102 2009 1152 2081 est
1168 2008 1243 2082 stir·
1312 2005 1334 2046 '-

175 2131 280 2206 pem:
306 2109 356 2180 ita
373 2107 457 2180 &in
471 2106 637 2198 Christo,
656 2108 716 2197 qui
729 2105 780 2180 est
791 2107 998 2180 novissimus
1015 2107 1145 2200 Adam,
1163 2109 1245 2182 sunt

178 2211 323 2302 quidam
341 2209 504 2301 palmites
524 2204 715 2298 fruduosr,
740 2207 844 2278 velut
865 2207 901 2277 in
920 2208 1000 2279 vite
1017 2229 1104 2281 vera
1125 2208 1243 2282 frusil-

179 2307 355 2396 ficantes3
382 2305 521 2398 quidam
542 2325 635 2378 vero
652 2305 739 2378 aridi
758 2304 791 2376 δι
813 2327 831 2376 a
848 2304 953 2378 Patre
972 2309 1128 2401 agricola
1149 2311 1246 2382 exci-

179 2408 301 2485 dendi,
353 2406 422 2478 Sed
435 2406 474 2480 ”dr
491 2405 577 2478 illud
592 2403 854 2478 observandum
869 2404 941 2496 est,
969 2407 1066 2495 quod
1083 2408 1256 2504 singulari.

180 2527 338 2583 nurnero
361 2504 562 2598 Apostolus
582 2508 766 2577 bonorum.
783 2507 947 2578 nominat
964 2505 1130 2597 siusium,
1158 2509 1248 2581 sicut

186 2609 224 2682 δι
242 2607 344 2682 alibi:
383 2605 521 2680 Frusius
544 2621 650 2676 auram
673 2608 819 2700 Spiritus
841 2605 881 2698 esi
902 2606 1067 2686 charitas,
1087 2611 1248 2700 gaudium,
1307 2659 1311 2678 ,

180 2729 269 2808 pax.-
293 2726 406 2799 opera
424 2720 543 2780 autem
560 2705 698 2792 carnis,
725 2723 807 2793 quae.
821 2705 1037 2798 exprobrat,
1063 2710 1249 2797 pluraliter

182 2806 342 2902 profert.
393 2807 506 2902 Quod
521 2804 626 2895 siquis
644 2802 794 2891 objiciat
809 2804 916 2894 illud,
943 2805 1040 2895 quod
1056 2805 1092 2880 in
1111 2805 1249 2881 Psalmo

182 2895 355 3000 scripturn
375 2903 442 2978 est:
470 2906 607 2978 Labores
617 2898 790 2998 frussutmt
809 2918 933 2973 titutum
948 2907 1163 2994 manducabis,
1181 2913 1253 3001 pro*

182 3009 291 3084 bono
311 3006 345 3078 &
365 3007 549 3100 pluraliter
565 3001 718 3089 didiumr
745 3001 927 3078 sciendum
945 3003 1018 3094 eli,
1044 3009 1143 3099 quod
1160 3007 1253 3081 sicut
1295 3017 1299 3028 “

177 3107 256 3200 is,
272 3103 334 3198 q'ui
361 3106 566 3199 margaritas
595 3103 850 3198 negotiabatur
875 3105 996 3196 plures
1014 3149 1039 3190 ,⁴
1059 3109 1254 3182 inveniens

186 3225 297 3279 unam
313 3203 525 3296 pretiosam,
544 3202 707 3278 vendidit
723 3221 850 3276 omnes
868 3204 901 3275 u
919 3205 1008 3278 emit
1024 3206 1117 3280 illam
1134 3227 1255 3280 unam:

186 3305 337 3396 itaquis
358 3324 379 3374 a
395 3305 554 3400 pluribus
568 3300 742 3374 srudlibus
760 3303 961 3395 incipiens,
987 3301 1030 3377 ad
1046 3327 1156 3380 unum
1174 3325 1256 3398 per-

187 3403 358 3481 feetionis
376 3404 525 3482 tendere
542 3402 651 3474 debet
668 3397 831 3475 studium.
871 3400 1138 3493 Requirendum
1158 3425 1256 3479 nune

188 3503 265 3590 estt
286 3501 476 3596 quomodo
491 3500 692 3594 Apostolus
711 3498 897 3572 Graecis&
915 3502 1098 3597 Barbaris,
1120 3503 1257 3599 sapien·
1320 3541 1323 3558 ·-

188 3606 289 3678 tibus
305 3603 339 3676 u
354 3602 599 3695 insipientibus
609 3598 762 3672 debitor
780 3600 842 3674 est.
896 3603 995 3699 Quid
1008 3607 1102 3679 enim
1117 3608 1160 3678 ab
1175 3604 1257 3699 ipsls

188 3718 404 3796 occeperat,
425 3704 521 3780 unde
534 3702 584 3776 eis
599 3700 744 3774 debitor
756 3697 887 3773 fieret?
922 3701 1095 3778 Arbitror
1109 3706 1258 3782 diversis

192 3803 340 3896 quidem
365 3802 638 3900 gentibusinde
661 3820 744 3874 eum
764 3798 930 3877 elieiium
951 3802 1021 3879 elie
1039 3801 1260 3900 debitorem,

192 3905 295 3998 quod
308 3906 467 3980 omnium
479 3902 640 3998 gentium
657 3901 787 3996 linguis
803 3903 926 3994 eloqui
934 3895 1087 3999 ‘ademit
1099 3925 1167 3998 per
1179 3925 1261 4003 gra·
1302 3969 1304 3976 .

195 4007 282 4086 tiam
304 4003 456 4099 Spiritus
476 4001 603 4142 sanbii,
631 3999 722 4078 licut
743 4001 870 4104 tuipse
891 4003 1280 4215 dioiurrllnnitgmmuse,
