2825 4559
204 360 279 459 520
368 296 653 439 ornemus
695 318 1110 442 commentatt.

208 536 396 620 quotquot
414 524 449 597 in
467 522 730 601 fimilitudinern
748 522 837 596 Adae
856 525 952 599 sorte
969 523 1280 618 praevaricttionis

209 624 466 719 adstringimur.
499 623 640 696 Idcirco
657 644 746 720 ergo
764 624 798 697 dt
814 640 992 718 precepto
1010 627 1225 717 donantur,
1249 642 1281 698 ut

210 726 333 800 debita
348 722 607 815 persolvamus.
650 724 870 815 Denique&
887 728 923 796 in
940 720 1154 821 Evangelio
1171 724 1281 797 Salva·
1303 774 1306 809 ,

209 840 273 899 ῐοι·
288 826 339 896 ita
355 820 461 894 dicit:
498 826 577 893 Cum
594 841 697 895 autem
710 823 858 917 feceritis
877 825 984 895 omnia
1001 848 1073 919 qu
1085 830 1222 919 precepi
1239 850 1281 895 er·
1300 838 1305 929 ff

211 925 279 1011 bis,
306 926 420 1007 dicire,
447 928 523 1018 quio
536 922 625 1010 seui
641 923 916 1013 irrutilessumus3
942 926 1024 1020 qued
1049 926 1217 994 debuimus
1239 924 1282 1017 st·

209 1048 293 1109 cere,
313 1023 461 1116 ferimus.
513 1018 565 1094 Ea
586 1043 699 1111 vero,
726 1043 803 1116 quae
818 1023 920 1115 supra
939 1022 1105 1105 debitum
1123 1022 1280 1115 facimus,

209 1144 289 1201 non
314 1123 462 1196 facimus
489 1144 535 1195 era
559 1125 759 1216 preceptis.
813 1124 927 1197 Verbi
944 1121 1072 1215 causa,
1101 1123 1281 1217 virginitas

209 1245 287 1303 non
307 1244 353 1296 ex
370 1221 495 1294 debito
514 1210 684 1295 solvitur:
711 1242 830 1315 neque
853 1224 948 1296 enirn
970 1242 1038 1314 per
1061 1236 1279 1315 praeceptum

211 1323 417 1415 expetitur3
443 1318 503 1393 sed
521 1319 623 1414 supra
639 1323 799 1395 debitum
820 1320 985 1396 offertur.
1013 1319 1117 1393 Audi
1136 1322 1280 1413 denique
1302 1242 1306 1399 ι

211 1423 360 1498 Paulum
378 1420 577 1493 dicentem:
608 1425 659 1492 De
679 1423 859 1515 virginibus
880 1438 985 1491 autem
1007 1438 1204 1516 preceptum
1231 1425 1279 1493 m

210 1528 295 1593 mina·
311 1544 377 1589 non
393 1518 499 1593 hobed
543 1518 601 1592 Sic
619 1540 707 1617 ergo
729 1524 773 1593 de
791 1518 1052 1614 spiritalibus&
1069 1518 1277 1612 persediori

210 1624 281 1697 bus
297 1620 590 1695 communionem
606 1621 713 1695 dixit:
740 1623 784 1693 de
802 1620 1032 1694 inferioribus
1051 1640 1155 1693 vero
1172 1620 1206 1695 dr
1221 1640 1278 1693 crr-

208 1722 349 1803 nalibus
365 1718 524 1791 debitum
541 1720 768 1793 ministerium
788 1721 1003 1794 nominavit.
1058 1716 1147 1813 Ego
1176 1732 1276 1793 auteur
1302 1778 1305 1791 .

211 1839 279 1915 per
301 1817 505 1908 huiusmodi
533 1818 765 1894 ministerium
786 1824 892 1893 etiarn
914 1818 1002 1891 illud
1024 1818 1279 1895 advertendum
1300 1816 1304 1865 ¹

212 1932 330 2015 putO,
357 1916 455 2008 quod
476 1914 580 1989 estin
600 1916 761 1991 Psalmis:
798 1922 869 2013 Qui
882 1918 969 2011 fecit
986 1919 1130 2010 Angelos
1142 1924 1217 2007 Juos
1227 1920 1279 2013 spi·
1300 1900 1305 1929 '

211 2025 316 2102 ritus,
343 2014 384 2091 (5
400 2016 559 2185 mirtp'Jlros
570 2016 644 2102 suos
655 2016 815 2108 flammam
830 2025 932 2111 ignis:
959 2029 1001 2089 ut
1016 2015 1164 2091 scilicet
1180 2020 1279 2111 Ange·

212 2120 271 2193 los
298 2118 442 2206 bonos,
482 2114 609 2207 piritus
636 2119 874 2210 appellaverit
900 2132 1070 2207 tanquam
1099 2115 1271 2213 spiritales,

214 2237 282 2291 eos
302 2233 416 2304 vero,
443 2216 502 2303 qui
519 2214 673 2306 presunt
688 2215 889 2290 ministeriis
906 2235 1120 2308 poenarum,
1154 2216 1276 2291 &lan-

214 2326 290 2415 mas'
313 2314 567 2406 peecatoribus
591 2332 742 2408 parant,
768 2315 946 2389 ministros
963 2314 1121 2388 flammae
1142 2314 1280 2389 ardentis

213 2415 473 2495 nominaverit.
528 2413 615 2484 Haec
636 2416 884 2509 quamvis-per
905 2412 1084 2488 excessum
1106 2416 1279 2507 quemdam

214 2512 312 2589 'dista
338 2510 409 2585 esse
435 2513 653 2602 uideantur,
694 2528 815 2588 tamen
842 2516 922 2605 quia
948 2517 1052 2586 loeus
1080 2515 1278 2604 admonuit,

215 2635 295 2693 non
321 2611 512 2687 omisimus.
564 2608 647 2683 Post
662 2613 739 2686 haec
756 2614 862 2686 dicit:
892 2619 961 2684 Hoc
980 2636 1049 2706 ergo
1068 2638 1143 2683 tum
1162 2618 1280 2703 consum.

215 2738 354 2797 mouere,
370 2710 409 2785 U
424 2739 443 2781 e
469 2734 618 2804 rgnovero
633 2716 677 2781 eis
687 2712 835 2804 [rudium
848 2715 955 2804 stunc,
980 2714 1165 2810 proficiscar
1175 2734 1282 2810 perure

215 2819 256 2885 r'rr
277 2812 481 2905 Hispaniam.
506 2888 510 2893 ,
532 2814 605 2881 Scio
628 2818 734 2899 enim,
760 2819 910 2916 queniam
932 2815 1066 2885 vmiem
1089 2817 1136 2884 ad
1159 2816 1280 2899 vos‚irr

216 2914 419 2992 abundantio
442 2909 664 2980 beneditione
694 2914 815 3007 chrisis
839 2919 980 2986 vertiam.
1039 2913 1174 3005 Vide,
1217 2930 1280 2985 cum

217 3028 350 3107 quanta
365 3011 503 3082 cautela
524 3008 815 3105 consignaturum
834 3013 869 3084 se
884 3010 1038 3084 frustum
1057 3010 1280 3086 offerentium

215 3112 451 3205 repromittit.
487 3111 574 3207 Quo
595 3124 698 3202 putas
716 3111 898 3207 srgnaculo
916 3110 1069 3185 frustum
1086 3109 1198 3185 sandi
1215 3132 1282 3202 ope·

211 3212 267 3291 ¹ris
285 3208 471 3303 consrgnat
491 3208 719 3301 Apostolus?
771 3212 838 3284 lllo
856 3224 971 3302 puto,
995 3231 1070 3301 quo
1087 3214 1214 3307 imago
1228 3209 1283 3283 Dei

218 3310 454 3403 exprimitur,
481 3309 556 3381 hoo
571 3306 644 3402 est,
661 3309 753 3381 utin
773 3311 992 3402 complendo
1011 3330 1129 3404 opere
1146 3313 1243 3384 nulla
1256 3308 1285 3380 su

90 3458 102 3471 -
216 3413 343 3486 alienae
361 3408 594 3502 cogitationis
613 3409 807 3495 admixtio,
836 3430 911 3482 non
930 3411 1006 3482 laus
1024 3413 1068 3483 ab
1088 3411 1283 3484 hominibus

217 3524 420 3604 queratur,
447 3505 505 3579 sed
522 3520 564 3581 ut
581 3510 618 3579 in
636 3509 862 3598 simplicitate
879 3512 1001 3582 cordis
1016 3511 1077 3600 qui
1093 3512 1226 3585 tribuit
1239 3510 1283 3581 tri·

216 3610 330 3701 buat,
357 3609 391 3680 &
416 3632 483 3678 uon
507 3631 545 3679 tx
571 3606 726 3704 tristitie:
753 3610 887 3680 hilarem
913 3614 998 3679 enim
1024 3614 1168 3681 datorem
1195 3612 1285 3700 diligit

215 3714 321 3783 Deus.
348 3706 397 3778 Et
415 3722 542 3780 cetera
558 3706 612 3781 his
628 3706 750 3781 srmllia
766 3709 825 3800 qui
843 3706 1015 3781 observat
1029 3710 1066 3781 in
1081 3728 1200 3804 opere
1216 3709 1285 3795 Dei,

217 3828 313 3902 opus
333 3806 431 3882 suum
449 3807 628 3902 signaculo
643 3806 775 3887 divine
787 3809 949 3904 imaginis
966 3807 1088 3903 signat.
1121 3814 1203 3881 Cum
1219 3832 1283 3902 erga,

217 3908 356 4001 inquit,
389 3908 446 3976 doc
471 3907 742 3994 consummavero,
776 3921 866 3980 tunc
888 3930 944 4002 ptr
963 3933 1018 3976 vos
1037 3912 1079 3977 ed
1103 3910 1285 4005 Hispaniam

204 4008 413 4119 proficiscar.
448 4003 639 4092 Promittis
649 4003 735 4087 stus
749 4009 882 4112 prende
895 4026 1022 4087 munus
1037 4005 1287 4183 Romanlscxlt
