2825 4559
166 361 272 443 514¹
335 242 621 416 ortorum
661 338 1063 421 commentata.
1116 299 1127 307 ’

169 521 264 579 vero
285 502 510 598 &prodigia,
531 501 628 593 quast
642 523 719 594 quae
732 518 924 598 utrumque
941 485 1176 594 contineant,
1196 505 1245 579 di-

172 608 238 682 xit.
276 604 460 695 Scriptura
476 616 597 678 tamen
616 602 739 676 divina
755 604 934 679 interdurn
952 618 1055 679 tenet
1069 604 1156 678 istas
1171 628 1251 699 pro·

88 712 94 724 “
172 704 369 802 prietates,
404 699 584 788 interdum
611 721 731 776 autem
758 704 903 778 abusive
929 705 963 777 dt
989 705 1158 800 prodigia
1183 728 1249 801 pro

173 805 301 900 fignis,
320 801 362 875 dt
376 801 470 897 signa
489 822 557 895 pro
576 801 749 900 prodigiis
768 807 883 897 ponit.
929 803 1060 878 Pa'ulus
1078 823 1172 901 ergo
1191 827 1251 900 per

176 901 394 998 potestatem
411 901 590 998 signorum
609 901 1002 999 &prodigiorumque
1018 905 1143 980 tamen
1161 904 1252 1001 signa

178 1004 214 1077 dt
231 999 403 1108 prodigia
413 1002 451 1074 in
470 1002 606 1073 virtute
627 1000 779 1094 Spiritus
795 1003 900 1077 santii
921 1002 1102 1095 iaciebat,
1130 1008 1176 1077 ab
1198 1008 1252 1100 Je-

173 1102 326 1176 rusalem
344 1100 454 1191 usque
468 1101 511 1173 ad
528 1101 711 1193 illyricum
727 1106 885 1197 replevit
899 1100 1140 1198 Evangelium
1148 1102 1250 1198 Chri·
1271 1163 1274 1190 ,

177 1202 232 1277 sti.
285 1198 409 1293 Moysi
425 1199 598 1274 &Aaron
622 1202 770 1275 dederat
786 1203 888 1276 Dens
905 1201 1126 1296 potestatem
1139 1203 1252 1301 ligno·
1271 1207 1274 1290 l

178 1322 259 1377 rum
277 1301 310 1373 dt
329 1300 599 1396 prodigiorum,
626 1301 716 1375 ficut
730 1299 898 1396 scriptum
914 1302 982 1375 est:
1011 1304 1125 1398 rosan
1150 1311 1189 1373 in
1212 1312 1276 1476 eis*

177 1404 277 1476 verba
299 1400 455 1495 ignorum
481 1401 521 1475 (i
543 1403 757 1496 prodigiorum
779 1407 816 1472 in
840 1403 1071 1477 terracinam:
1099 1415 1142 1475 ut
1160 1401 1275 1498 filios¹

174 1500 280 1576 lsrael
297 1500 464 1599 castigata
479 1497 644 1596 AEgypto
660 1503 871 1576 liberarent:
897 1499 956 1574 sed
971 1502 1023 1575 illi
1041 1503 1108 1574 vix
1121 1524 1251 1579 rarum
1273 1513 1275 1584 :

176 1613 485 1794 restitistis
510 1596 981 1797 {istrienses
1001 1617 1248 1798 castren

175 1803 254 1875 non
271 1821 378 1873 unam
393 1791 558 1896 gentem,
575 1819 694 1891 neque
715 1802 808 1874 duos
826 1816 887 1872 aut
901 1814 976 1873 tres
992 1803 1180 1893 populos,
1197 1804 1249 1877 sed

177 1920 307 1975 omnes
333 1902 378 1974 ab
402 1897 595 1993 Jerusalem
618 1897 730 1989 usque·
751 1901 794 1973 ad
814 1900 997 1991 illyricum
1020 1903 1251 1976 nationesne

144 1991 150 2010 ‘
177 2000 340 2094 populos
359 1999 615 2091 predicatione
633 1999 759 2091 verbi,
786 1999 985 2091 &operum
999 2002 1251 2095 virtutumque

175 2097 345 2193 potentia
361 2097 403 2168 ad
421 2094 545 2169 Christi
564 2094 782 2172 sacramenta
802 2102 1002 2172 convertit.
1052 2098 1117 2171 Sic
1134 2117 1250 2176 autem

174 2199 392 2371 {radicavit
412 2196 486 2269 hoc
512 2193 771 2291 evangelium,
805 2210 845 2268 ut
873 2217 950 2269 non
972 2196 1098 2270 alienis
1125 2141 1278 2273 labori-i

203 2319 264 2387 us,
282 2313 400 2388 neque
416 2298 539 2369 alienas
557 2296 807 2389 praedicationi·
820 2296 1102 2376 additamentum
1121 2299 1172 2371 sui
1188 2301 1249 2374 ser·

174 2399 293 2472 monis
311 2394 507 2487 insereret,
533 2416 580 2469 ne
603 2396 648 2470 ab
663 2398 733 2473 alio
758 2395 883 2496 pofitis
902 2392 986 2471 fidei
1003 2395 1248 2474 fundamentis

175 2497 250 2588 ipse
272 2492 461 2576 aedificium
487 2499 641 2587 propria
668 2496 933 2591 praedicationis
954 2497 1192 2593 imponeret,
1218 2502 1247 2573 dt

177 2598 283 2668 alieni
301 2600 421 2687 operis
440 2594 620 2687 subripere
637 2596 787 2690 gloriam
806 2595 1003 2669 videretur.
1045 2595 1250 2673 Observan-

175 2697 221 2768 da
238 2700 313 2770 haec
330 2693 409 2766 sunt
425 2692 661 2769 Ecclesiarum
679 2694 879 2770 retioribus
904 2694 1117 2791 &diligenti
1133 2700 1248 2773 interr·
1278 2725 1281 2786 l

173 2798 280 2869 tione
296 2793 486 2882 servanda,
514 2807 555 2865 ut
573 2815 691 2887 neque
708 2796 809 2886 loqui
827 2793 957 2885 aliquid
975 2794 1175 2871 videantur
1193 2821 1250 2873 eo·

174 2914 278 2982 rum,
306 2912 384 2981 quae
408 2912 474 2985 per
497 2892 594 2984 ipsos
619 2914 697 2966 non
724 2891 891 2966 effecerit
917 2891 1115 2986 Christus,.‹
1128 2918 1248 2991 neque
1280 2905 1284 2956 ἱ

175 2994 315 3064 alienos
336 2993 479 3065 labores
496 2991 529 3063 dt
545 2990 656 3064 studia
673 2993 903 3067 decolorent.
930 2994 1113 3085 Loquitur
1128 2975 1249 3074 atitem

175 3092 256 3183 quis
273 3112 337 3181 ea,
365 3109 443 3182 quae
460 3110 525 3183 per
543 3088 577 3164 se
593 3112 668 3165 non
685 3091 795 3165 efficit
811 3091 990 3183 Christus,
1016 3095 1091 3166 hoc
1114 3101 1248 3172 modo:

173 3192 199 3268 ir
218 3195 387 3282 loquatur
404 3191 449 3263 de
465 3192 689 3264 continentia
708 3192 742 3265 &
761 3191 911 3282 doceat,
938 3212 1019 3265 cum
1037 3192 1111 3285 ipse
1129 3201 1248 3271 conti·

171 3311 263 3366 nens
284 3290 440 3363 nonsit:
467 3291 576 3363 vel-sr
602 3292 773 3381 loquatur
797 3292 843 3364 de
866 3292 1083 3384 sobrietate,
1114 3299 1178 3369 vel
1206 3300 1248 3371 de

167 3390 326 3484 justitia,
352 3392 416 3463 vel
442 3390 487 3463 de
511 3383 699 3485 largiendis
727 3392 879 3483 opibus,
906 3392 1245 3471 &contemnendis
1280 3345 1287 3522 Ι

173 3489 404 3565 facultatibus
420 3509 489 3581 pro
503 3510 618 3584 regno
637 3488 728 3580 Dei,
755 3488 935 3581 &inipso
946 3495 1006 3584 qui
1022 3494 1098 3565 haec
1114 3494 1243 3592 docet,

168 3591 260 3665 nihil
279 3589 408 3662 horum
434 3586 599 3660 effecerit
614 3588 783 3662 Christus.
834 3588 884 3661 'Et
907 3592 992 3665 ideo
1014 3592 1172 3668 formam
1194 3595 1243 3670 sui

170 3685 373 3781 Apostolus
392 3689 520 3783 ponit,
548 3687 581 3761 ἃ
606 3689 693 3762 dicit
720 3709 762 3761 ea
784 3686 819 3760 se
840 3691 960 3781 loqui,
988 3690 1081 3764 &ea
1098 3701 1239 3769 caeteris

165 3791 381 3883 praedicare,
409 3808 486 3877 quae
503 3807 567 3880 per
587 3786 698 3882 ipsum
716 3785 874 3861 Christus
899 3791 995 3880 prius
1016 3792 1237 3882 impleverit

166 3888 228 3964 Sed
237 3890 315 3983 ficut
327 3891 478 3984 scripturn
496 3889 547 3983 est,
562 3888 696 3981 inquit,
722 3890 926 3981 Quibusnam
945 3893 1238 3986 pissinontiorum
1287 3949 1288 3954 η

159 3989 195 4062 ie
209 4016 258 4082 eo,
284 3989 458 4076 videbun&
485 3991 524 4066 di
542 3996 597 4088 gui
613 4011 678 4061 non
692 3979 886 4081 audierunt,
909 3993 1115 4164 imdligmfz}
1157 3993 1235 4069 oh·
1284 3979 1289 4098 i

319 4131 323 4140 .
499 4097 509 4111 ⁸
542 4101 559 4114 ''
816 4105 821 4114 '
991 4113 993 4120 '
1118 4109 1179 4169 vf-
