2825 4559
185 281 296 420 :370
382 303 1155 422 onronu1s1·con1uan‘ran.·
1209 333 1215 358 ¹

115 471 120 487 ’
225 489 279 564 est
291 488 514 563 dominatum
527 485 685 578 tyranni,
698 481 812 578 fatias
828 487 967 558 abediens
984 488 1076 583 usque
1089 490 1129 559 ad
1143 481 1291 561 mortain:

223 612 288 684 per
306 600 410 681 quam
427 602 583 661 mortem
598 586 772 660 destruxit
787 607 887 674 eum,
914 591 973 677 qui
991 591 1145 661 habebat
1161 593 1290 663 mortis

222 690 435 786 imperium,
460 687 498 760 id
523 686 593 773 est,
622 688 837 773 Diabolum,
865 703 907 759 ut
922 689 1093 760 liberaret
1111 710 1197 777 eos,
1227 693 1289 780 qui

165 813 168 818 ’
220 787 440 864 tenebantur
460 808 481 858 a
499 801 634 863 morte.
686 788 757 859 Hic
772 788 866 860 enim
883 788 1028 881 alligato
1044 788 1163 878 sorte,
1190 789 1223 859 dr
1251 795 1287 863 in

154 905 161 916 '
216 905 330 962 *cruce
347 887 406 959 sua
422 886 666 978 triumphato,
683 888 844 977 perrexit
858 889 964 959 etiam
981 890 1018 960 in
1034 890 1179 961 domum
1195 890 1288 980 ejus,

184 1007 187 1012 ’
220 991 259 1062 in'
276 988 422 1070 domum
436 989 590 1074 mortia‚'
610 988 647 1059 in
663 987 864 1077 infernum,
892 986 1026 1059 &inde
1043 987 1123 1060 vasa
1139 990 1214 1077 eius
1235 992 1287 1060 di·

219 1090 349 1182 ripuit,
374 1085 500 1175 idest,
527 1088 761 1175 animaruum
775 1089 924 1158 tenebat
942 1086 1121 1161 abstraxit.
1150 1086 1197 1158 Et
1213 1092 1287 1162 hoc

221 1203 319 1280 erat,
346 1191 444 1278 quod
459 1184 533 1277 ipse
548 1206 612 1277 per
626 1188 811 1280 enigmata
833 1187 1050 1275 loquebatur
1068 1188 1104 1259 in
1123 1184 1288 1281 Evange-

211 1290 272 1362 ..lio
291 1288 433 1360 dicens:
456 1288 543 1377 Quis
555 1287 648 1379 patrii
662 1294 803 1356 ‘introire
819 1292 857 1355 in
872 1291 993 1355 domum
1005 1283 1126 1374 farris,
1153 1289 1191 1361 (Ἰ
1207 1293 1287 1376 vasa

148 1468 153 1486 Ι
219 1393 287 1484 rjus
302 1382 452 1482 diripere,
477 1385 537 1478 nr'fi
554 1394 647 1481 prius
669 1388 855 1478 alligaverit
871 1380 1017 1478 fortem?
1067 1386 1167 1464 Prius
1195 1410 1285 1483 ergo

206 1487 375 1582 ‘alligavit
390 1487 427 1557 in
444 1505 574 1577 cruce,
601 1486 634 1557 u
651 1483 696 1558 sic
712 1483 882 1581 ingressus
899 1483 949 1557 est
965 1483 1111 1577 domum
1129 1488 1225 1579 eius,
1249 1490 1286 1562 id

205 1585 292 1678 rest,
317 1585 518 1678 infernum,
544 1586 579 1658 &
596 1583 680 1658 inde
696 1588 860 1670 ascenderas
876 1593 912 1655 ira
926 1587 1040 1672 airum,
1052 1594 1212 1679 captivam
1227 1592 1286 1658 du·

218 1696 269 1759 xit
285 1691 528 1782 captivitatem,
562 1706 627 1758 eos
652 1684 816 1776 scilicet‚'
837 1688 894 1775 qui
921 1706 1001 1759 cum
1025 1684 1101 1776 ipso
1125 1684 1285 1784 surrexe·

102 1811 107 1818 ·
143 1800 145 1804 “
217 1793 326 1876 runt,
343 1785 375 1857 δι
392 1785 528 1879 ingressi
542 1782 621 1857 sunt
635 1782 785 1858 ianuam
803 1788 987 1882 civitatem
1005 1784 1196 1880 Jerusalem
1214 1808 1284 1859 coe-

215 1887 353 1961 lestem.
387 1885 494 1957 Unde
509 1882 605 1978 ret‘ie
625 1883 823 1975 Apostolus
842 1887 878 1958 in
896 1883 1058 1978 praesenti
1074 1887 1162 1958 loco
1178 1887 1282 1982 dicit,

216 1989 299 2080 quia
318 2011 398 2054 mars
419 1989 448 2053 ei
470 1985 561 2055 ultra
584 2009 649 2052 non
663 1987 891 2056 dominabitur.
945 1986 1037 2057 Non
1063 1987 1158 2060 enim
1185 1986 1285 2063 dabit

167 2135 172 2154 .-
207 2090 308 2172 ‘ultra
323 2082 544 2180 semetipsum
560 2084 596 2156 in
612 2083 898 2157 dominationem
914 2087 1073 2175 tyranni,
1084 2104 1202 2176 neque
1215 2089 1285 2160 ite·

209 2207 295 2266 rum
312 2183 496 2257 exinaniet
515 2182 572 2263 se,
597 2198 638 2255 ut
666 2184 818 2257 formam
845 2186 935 2257 servi
960 2188 1133 2275 accipiat,
1160 2187 1194 2258 u
1220 2192 1285 2263 fiat

216 2286 395 2361 obediens
416 2281 526 2374 usque
547 2283 591 2355 ad
610 2299 788 2370 mortem3
815 2306 862 2357 ne
878 2283 1011 2357 rursum
1028 2288 1064 2356 in
1081 2285 1198 2358 forma
1215 2288 1285 2359 ier·

169 2458 176 2469 ,
213 2389 277 2478 vi,
305 2384 466 2475 quamvis
484 2386 676 2456 voluntate
695 2383 728 2454 dr
745 2404 821 2456 non
837 2384 1039 2487 necessitate
1054 2383 1204 2476 positus,
1216 2388 1289 2461 do·'

210 2488 448 2580 minationem
467 2495 587 2556 tamen
604 2481 962 2574 tyranni'mortis'que
979 2486 1144 2576 patiatur.
1172 2485 1283 2562 Unde

117 2655 121 2662 ,
212 2591 354 2678 miror,
390 2585 564 2675 quosdam
586 2597 726 2655 eontra
750 2583 842 2656 hanc
865 2583 1155 2657 evidentissimam
1182 2583 1296 2662 Pauli

214 2686 425 2760 sententiam
444 2686 539 2756 velie
557 2682 732 2776 asserere,
757 2686 856 2774 quod
876 2686 913 2754 in
928 2682 1057 2755 futuris
1073 2685 1201 2757 iterum
1221 2688 1282 2770 sae.

213 2787 302 2860 cusis
323 2786 382 2856 vel
400 2784 524 2855 eadem
545 2786 605 2854 vel
630 2781 739 2855 simlia
760 2786 833 2875 pati
855 2782 997 2855 necesse
1023 2783 1065 2854 sit
1091 2782 1282 2870 Christum,

213 2901 256 2958 ut
272 2886 413 2956 liberari
431 2881 562 2974 poisrnt
578 2883 684 2953 etiam
701 2883 760 2975 hi,
784 2903 875 2973 quos
894 2883 932 2953 in
946 2881 1109 2975 presenti
1125 2884 1200 2955 vita
1217 2888 1281 2959 dis·

213 2983 432 3079 pensationis
457 2980 532 3073 ejus
556 2982 732 3054 medicina
757 2981 965 3054 sanare'non
980 2984 1114 3073 potuit.
1166 2986 1282 3077 Ajunt

213 3087 329 3158 enim:
361 3080 585 3173 „Numquid
602 3078 723 3172 potest
741 3079 902 3154 saeculum
922 3079 992 3152 eise
1007 3083 1153 3174 aliquod
1171 3086 1205 3156 in
1225 3088 1278 3159 fu.

213 3198 355 3273 „turo,
383 3183 444 3253 ubi
462 3200 581 3269 neque
600 3181 688 3253 boni
707 3183 859 3272 aliquid,
886 3200 1006 3269 neque
1029 3180 1111 3254 maii
1139 3200 1277 3279 agatur,

210 3282 310 3378 „sed
331 3283 492 3371 stupeant
512 3293 594 3370 res,
618 3280 651 3351 dr
677 3297 845 3354 maneant
870 3280 1278 3371 profunda·s11entia?“

135 3419 142 3434 ·
210 3382 413 3456 absurdum
429 3383 503 3453 hoc
518 3380 635 3452 videri
651 3379 815 3454 aiserunt.
854 3380 1025 3453 Dabimus
1041 3402 1128 3477 ergo
1147 3386 1200 3478 agi
1216 3389 1278 3458 ali·

207 3485 304 3576 quid.
329 3536 357 3573 „
370 3480 415 3552 Et
434 3480 497 3552 ubi
514 3492 637 3574 agatur
655 3482 806 3572 aliquid,
833 3479 975 3553 necesse
992 3480 1064 3572 est,
1090 3481 1214 3574 aiunt,
1237 3500 1277 3557 nt

207 3609 234 3677 5,
249 3582 381 3674 aliquid
398 3578 516 3671 reste,
544 3580 673 3669 aliquid
699 3580 806 3652 etiam
830 3582 945 3653 minus
961 3582 1057 3653 tedio
1072 3599 1214 3675 agatur,
1242 3588 1276 3656 δι

207 3726 234 3774 ‚‚
246 3685 284 3756 in
303 3679 378 3774 ipso
406 3679 483 3753 adiu
510 3679 566 3750 aiii
595 3675 809 3768 proficiant,
835 3680 1058 3753 &meiioros
1076 3679 1191 3773 fiant,
1220 3687 1278 3756 aiii

206 3784 457 3879 „deteriorem
483 3779 645 3852 Libertas
662 3783 755 3853 enim
771 3782 905 3853 arbitrii
923 3781 1058 3868 semper
1072 3799 1207 3855 naturae
1222 3806 1276 3856 ra·

205 3883 411 3975 „tionabili
433 3879 680 3973 permanebit,
707 3877 846 3953 &ficut
869 3880 1028 3972 possibile
1049 3878 1138 3978 fuit,
1166 3885 1273 3959 etiam

199 3984 374 4076 „illumi
397 3983 547 4075 quipro
572 3974 763 4072 splendore
787 3984 911 4080 glorie
934 3979 1085 4074 Lucifer
1109 3997 1205 4067 erat,
1239 3984 1273 4059 ὰ

1014 4091 1018 4098 ’
1109 4102 1216 4175 ΨΟΡ·
