<?xml version="1.0" encoding="UTF-8"?>
<!DOCTYPE html PUBLIC "-//W3C//DTD XHTML 1.0 Transitional//EN"
    "http://www.w3.org/TR/xhtml1/DTD/xhtml1-transitional.dtd">
<html xmlns="http://www.w3.org/1999/xhtml" xml:lang="en" lang="en">
 <head>
  <title>
</title>
<meta http-equiv="Content-Type" content="text/html;charset=utf-8" />
  <meta name='ocr-system' content='tesseract 3.04.00' />
  <meta name='ocr-capabilities' content='ocr_page ocr_carea ocr_par ocr_line ocrx_word'/>
</head>
<body>
  <div class='ocr_page' id='page_1' title='image "./operaomniasanct12unkngoog_0503.png"; bbox 0 0 2825 4559; ppageno 0'>
   <div class='ocr_carea' id='block_1_1' title="bbox 298 213 1266 382">
    <p class='ocr_par' dir='ltr' id='par_1_1' title="bbox 298 213 1266 382">
     <span class='ocr_line' id='line_1_1' title="bbox 298 213 1266 382; baseline -0.005 -19"><span class='ocrx_word' id='word_1_1' title='bbox 298 283 364 363; x_wconf 84' lang='lat' dir='ltr'>ru</span> <span class='ocrx_word' id='word_1_2' title='bbox 390 213 564 364; x_wconf 77' lang='lat' dir='ltr'>tarsa.</span> <span class='ocrx_word' id='word_1_3' title='bbox 589 233 670 360; x_wconf 77' lang='lat' dir='ltr'>nn</span> <span class='ocrx_word' id='word_1_4' title='bbox 694 279 922 370; x_wconf 74' lang='lat' dir='ltr'>notatu.</span> <span class='ocrx_word' id='word_1_5' title='bbox 948 237 1141 361; x_wconf 65' lang='lat' dir='ltr'>tm&#39;txj</span> <span class='ocrx_word' id='word_1_6' title='bbox 1184 284 1266 382; x_wconf 71' lang='lat' dir='ltr'>m,</span> 
     </span>
    </p>
   </div>
   <div class='ocr_carea' id='block_1_2' title="bbox 161 441 1340 3743">
    <p class='ocr_par' dir='ltr' id='par_1_2' title="bbox 161 441 1340 3743">
     <span class='ocr_line' id='line_1_2' title="bbox 183 441 1252 544; baseline -0.002 -22"><span class='ocrx_word' id='word_1_7' title='bbox 183 449 253 523; x_wconf 80' lang='lat' dir='ltr'>dor</span> <span class='ocrx_word' id='word_1_8' title='bbox 271 448 513 524; x_wconf 84' lang='lat' dir='ltr'>&amp;secundum</span> <span class='ocrx_word' id='word_1_9' title='bbox 528 450 644 544; x_wconf 82' lang='lat' dir='ltr'>legem</span> <span class='ocrx_word' id='word_1_10' title='bbox 659 447 820 523; x_wconf 80' lang='lat' dir='ltr'>edendos</span> <span class='ocrx_word' id='word_1_11' title='bbox 836 445 1020 540; x_wconf 79' lang='lat' dir='ltr'>Scriptura</span> <span class='ocrx_word' id='word_1_12' title='bbox 1039 441 1252 542; x_wconf 71' lang='lat' dir='ltr'>segregavit,</span> 
     </span>
     <span class='ocr_line' id='line_1_3' title="bbox 178 539 1258 644; baseline -0.002 -24"><span class='ocrx_word' id='word_1_13' title='bbox 178 539 307 642; x_wconf 75' lang='lat' dir='ltr'>reliqui</span> <span class='ocrx_word' id='word_1_14' title='bbox 332 569 697 625; x_wconf 77' lang='lat' dir='ltr'>omnes-communen</span> <span class='ocrx_word' id='word_1_15' title='bbox 721 548 889 644; x_wconf 87' lang='lat' dir='ltr'>appellati</span> <span class='ocrx_word' id='word_1_16' title='bbox 906 544 998 621; x_wconf 91' lang='lat' dir='ltr'>sunt.</span> <span class='ocrx_word' id='word_1_17' title='bbox 1050 545 1121 620; x_wconf 88' lang='lat' dir='ltr'>Sed</span> <span class='ocrx_word' id='word_1_18' title='bbox 1135 545 1258 639; x_wconf 82' lang='lat' dir='ltr'>&#39;Judaei</span> 
     </span>
     <span class='ocr_line' id='line_1_4' title="bbox 178 644 1251 745; baseline 0.002 -25"><span class='ocrx_word' id='word_1_19' title='bbox 178 650 259 728; x_wconf 65' lang='lat' dir='ltr'>‚vim&#39;</span> <span class='ocrx_word' id='word_1_20' title='bbox 280 650 383 723; x_wconf 91' lang='lat' dir='ltr'>verbi</span> <span class='ocrx_word' id='word_1_21' title='bbox 404 650 630 745; x_wconf 70' lang='lat' dir='ltr'>ignorantes,</span> <span class='ocrx_word' id='word_1_22' title='bbox 657 651 754 723; x_wconf 93' lang='lat' dir='ltr'>unde</span> <span class='ocrx_word' id='word_1_23' title='bbox 772 650 971 722; x_wconf 80' lang='lat' dir='ltr'>communis</span> <span class='ocrx_word' id='word_1_24' title='bbox 988 644 1166 720; x_wconf 81' lang='lat' dir='ltr'>diceretur</span> <span class='ocrx_word' id='word_1_25' title='bbox 1182 646 1251 722; x_wconf 91' lang='lat' dir='ltr'>ho·</span> 
     </span>
     <span class='ocr_line' id='line_1_5' title="bbox 178 744 1249 844; baseline 0 -20"><span class='ocrx_word' id='word_1_26' title='bbox 178 770 265 844; x_wconf 85' lang='lat' dir='ltr'>mo,</span> <span class='ocrx_word' id='word_1_27' title='bbox 294 771 398 840; x_wconf 88' lang='lat' dir='ltr'>quem</span> <span class='ocrx_word' id='word_1_28' title='bbox 426 769 655 823; x_wconf 86' lang='lat' dir='ltr'>communem</span> <span class='ocrx_word' id='word_1_29' title='bbox 681 749 929 844; x_wconf 80' lang='lat' dir='ltr'>appellabant,</span> <span class='ocrx_word' id='word_1_30' title='bbox 955 746 1125 824; x_wconf 79' lang='lat' dir='ltr'>sermonis</span> <span class='ocrx_word' id='word_1_31' title='bbox 1146 744 1249 824; x_wconf 83' lang='lat' dir='ltr'>usum</span> 
     </span>
     <span class='ocr_line' id='line_1_6' title="bbox 177 842 1250 945; baseline -0.003 -23"><span class='ocrx_word' id='word_1_32' title='bbox 177 848 251 922; x_wconf 87' lang='lat' dir='ltr'>fine</span> <span class='ocrx_word' id='word_1_33' title='bbox 283 849 551 945; x_wconf 78' lang='lat' dir='ltr'>significationis</span> <span class='ocrx_word' id='word_1_34' title='bbox 584 851 822 945; x_wconf 81' lang='lat' dir='ltr'>intelligentia</span> <span class='ocrx_word' id='word_1_35' title='bbox 854 862 1062 922; x_wconf 83' lang='lat' dir='ltr'>tenuerunt.</span> <span class='ocrx_word' id='word_1_36' title='bbox 1111 842 1250 944; x_wconf 79' lang='lat' dir='ltr'>Neque</span> 
     </span>
     <span class='ocr_line' id='line_1_7' title="bbox 177 948 1248 1048; baseline 0.001 -28"><span class='ocrx_word' id='word_1_37' title='bbox 177 949 273 1048; x_wconf 79' lang='lat' dir='ltr'>enim</span> <span class='ocrx_word' id='word_1_38' title='bbox 299 953 394 1042; x_wconf 90' lang='lat' dir='ltr'>cibi,</span> <span class='ocrx_word' id='word_1_39' title='bbox 421 970 512 1040; x_wconf 84' lang='lat' dir='ltr'>quor</span> <span class='ocrx_word' id='word_1_40' title='bbox 539 950 641 1022; x_wconf 81' lang='lat' dir='ltr'>Deus</span> <span class='ocrx_word' id='word_1_41' title='bbox 668 953 828 1039; x_wconf 85' lang='lat' dir='ltr'>creavit,</span> <span class='ocrx_word' id='word_1_42' title='bbox 862 960 923 1020; x_wconf 92' lang='lat' dir='ltr'>aut</span> <span class='ocrx_word' id='word_1_43' title='bbox 947 948 1158 1043; x_wconf 82' lang='lat' dir='ltr'>ignoranter</span> <span class='ocrx_word' id='word_1_44' title='bbox 1183 953 1248 1021; x_wconf 86' lang='lat' dir='ltr'>aut</span> 
     </span>
     <span class='ocr_line' id='line_1_8' title="bbox 174 1046 1246 1143; baseline -0.002 -21"><span class='ocrx_word' id='word_1_45' title='bbox 174 1047 380 1139; x_wconf 83' lang='lat' dir='ltr'>simpliciter</span> <span class='ocrx_word' id='word_1_46' title='bbox 402 1048 530 1143; x_wconf 90' lang='lat' dir='ltr'>sumpti</span> <span class='ocrx_word' id='word_1_47' title='bbox 552 1070 782 1123; x_wconf 88' lang='lat' dir='ltr'>communem</span> <span class='ocrx_word' id='word_1_48' title='bbox 802 1049 922 1121; x_wconf 87' lang='lat' dir='ltr'>facere</span> <span class='ocrx_word' id='word_1_49' title='bbox 937 1046 1123 1122; x_wconf 90' lang='lat' dir='ltr'>hominem</span> <span class='ocrx_word' id='word_1_50' title='bbox 1137 1060 1246 1139; x_wconf 86' lang='lat' dir='ltr'>pote·</span> 
     </span>
     <span class='ocr_line' id='line_1_9' title="bbox 170 1144 1243 1238; baseline 0.002 -21"><span class='ocrx_word' id='word_1_51' title='bbox 170 1164 254 1219; x_wconf 89' lang='lat' dir='ltr'>rant</span> <span class='ocrx_word' id='word_1_52' title='bbox 271 1148 562 1238; x_wconf 74' lang='lat' dir='ltr'>&amp;immundumr</span> <span class='ocrx_word' id='word_1_53' title='bbox 587 1149 648 1223; x_wconf 90' lang='lat' dir='ltr'>sed</span> <span class='ocrx_word' id='word_1_54' title='bbox 665 1171 765 1222; x_wconf 82' lang='lat' dir='ltr'>mena</span> <span class='ocrx_word' id='word_1_55' title='bbox 782 1150 841 1220; x_wconf 89' lang='lat' dir='ltr'>illa</span> <span class='ocrx_word' id='word_1_56' title='bbox 859 1146 1035 1238; x_wconf 86' lang='lat' dir='ltr'>bominis,</span> <span class='ocrx_word' id='word_1_57' title='bbox 1061 1165 1139 1238; x_wconf 76' lang='lat' dir='ltr'>quc</span> <span class='ocrx_word' id='word_1_58' title='bbox 1156 1144 1243 1228; x_wconf 88' lang='lat' dir='ltr'>Deo</span> 
     </span>
     <span class='ocr_line' id='line_1_10' title="bbox 171 1243 1244 1345; baseline 0 -25"><span class='ocrx_word' id='word_1_59' title='bbox 171 1244 239 1320; x_wconf 90' lang='lat' dir='ltr'>soli</span> <span class='ocrx_word' id='word_1_60' title='bbox 257 1243 437 1345; x_wconf 85' lang='lat' dir='ltr'>segregata</span> <span class='ocrx_word' id='word_1_61' title='bbox 453 1249 517 1337; x_wconf 87' lang='lat' dir='ltr'>eil,</span> <span class='ocrx_word' id='word_1_62' title='bbox 534 1252 666 1324; x_wconf 88' lang='lat' dir='ltr'>merito</span> <span class='ocrx_word' id='word_1_63' title='bbox 686 1250 816 1324; x_wconf 88' lang='lat' dir='ltr'>munda</span> <span class='ocrx_word' id='word_1_64' title='bbox 832 1248 1054 1340; x_wconf 81' lang='lat' dir='ltr'>appellatur3</span> <span class='ocrx_word' id='word_1_65' title='bbox 1081 1265 1159 1336; x_wconf 83' lang='lat' dir='ltr'>quae</span> <span class='ocrx_word' id='word_1_66' title='bbox 1177 1266 1244 1320; x_wconf 87' lang='lat' dir='ltr'>ve·</span> 
     </span>
     <span class='ocr_line' id='line_1_11' title="bbox 169 1343 1310 1442; baseline 0.002 -23"><span class='ocrx_word' id='word_1_67' title='bbox 169 1366 215 1419; x_wconf 89' lang='lat' dir='ltr'>ro</span> <span class='ocrx_word' id='word_1_68' title='bbox 231 1348 350 1419; x_wconf 79' lang='lat' dir='ltr'>&#39;aliena</span> <span class='ocrx_word' id='word_1_69' title='bbox 368 1371 386 1419; x_wconf 93' lang='lat' dir='ltr'>a</span> <span class='ocrx_word' id='word_1_70' title='bbox 401 1349 485 1421; x_wconf 90' lang='lat' dir='ltr'>Deo</span> <span class='ocrx_word' id='word_1_71' title='bbox 502 1348 572 1442; x_wconf 87' lang='lat' dir='ltr'>est,</span> <span class='ocrx_word' id='word_1_72' title='bbox 600 1353 770 1440; x_wconf 89' lang='lat' dir='ltr'>quoniam</span> <span class='ocrx_word' id='word_1_73' title='bbox 788 1369 865 1425; x_wconf 90' lang='lat' dir='ltr'>non</span> <span class='ocrx_word' id='word_1_74' title='bbox 883 1348 927 1420; x_wconf 92' lang='lat' dir='ltr'>ab</span> <span class='ocrx_word' id='word_1_75' title='bbox 944 1367 1020 1420; x_wconf 88' lang='lat' dir='ltr'>uno</span> <span class='ocrx_word' id='word_1_76' title='bbox 1038 1343 1161 1438; x_wconf 88' lang='lat' dir='ltr'>spiritu</span> <span class='ocrx_word' id='word_1_77' title='bbox 1176 1345 1243 1421; x_wconf 82' lang='lat' dir='ltr'>im·</span> <span class='ocrx_word' id='word_1_78' title='bbox 1307 1400 1310 1430; x_wconf 81' lang='grc'>,</span> 
     </span>
     <span class='ocr_line' id='line_1_12' title="bbox 168 1444 1282 1544; baseline -0.001 -24"><span class='ocrx_word' id='word_1_79' title='bbox 168 1449 322 1540; x_wconf 90' lang='lat' dir='ltr'>mundo,</span> <span class='ocrx_word' id='word_1_80' title='bbox 340 1446 432 1520; x_wconf 87' lang='lat' dir='ltr'>seda</span> <span class='ocrx_word' id='word_1_81' title='bbox 454 1451 612 1541; x_wconf 83' lang='lat' dir='ltr'>plurimis</span> <span class='ocrx_word' id='word_1_82' title='bbox 631 1449 847 1544; x_wconf 72' lang='lat' dir='ltr'>pallietur,</span> <span class='ocrx_word' id='word_1_83' title='bbox 873 1444 1011 1519; x_wconf 88' lang='lat' dir='ltr'>idcirco</span> <span class='ocrx_word' id='word_1_84' title='bbox 1029 1447 1107 1519; x_wconf 81' lang='lat' dir='ltr'>talis</span> <span class='ocrx_word' id='word_1_85' title='bbox 1122 1446 1239 1520; x_wconf 86' lang='lat' dir='ltr'>horno</span> <span class='ocrx_word' id='word_1_86' title='bbox 1274 1453 1282 1460; x_wconf 88' lang='grc'><strong>“</strong></span> 
     </span>
     <span class='ocr_line' id='line_1_13' title="bbox 169 1544 1242 1640; baseline 0 -23"><span class='ocrx_word' id='word_1_87' title='bbox 169 1550 372 1620; x_wconf 88' lang='lat' dir='ltr'>communis</span> <span class='ocrx_word' id='word_1_88' title='bbox 393 1549 610 1640; x_wconf 85' lang='lat' dir='ltr'>appellatur,</span> <span class='ocrx_word' id='word_1_89' title='bbox 638 1551 732 1639; x_wconf 79' lang='lat' dir='ltr'>quasi</span> <span class='ocrx_word' id='word_1_90' title='bbox 750 1549 810 1639; x_wconf 90' lang='lat' dir='ltr'>qui</span> <span class='ocrx_word' id='word_1_91' title='bbox 832 1548 1028 1622; x_wconf 90' lang='lat' dir='ltr'>multorum</span> <span class='ocrx_word' id='word_1_92' title='bbox 1049 1544 1092 1619; x_wconf 82' lang='lat' dir='ltr'>stt</span> <span class='ocrx_word' id='word_1_93' title='bbox 1108 1545 1169 1618; x_wconf 87' lang='lat' dir='ltr'>vel</span> <span class='ocrx_word' id='word_1_94' title='bbox 1184 1545 1242 1617; x_wconf 89' lang='lat' dir='ltr'>vi·</span> 
     </span>
     <span class='ocr_line' id='line_1_14' title="bbox 169 1641 1278 1740; baseline 0.005 -24"><span class='ocrx_word' id='word_1_95' title='bbox 169 1647 304 1719; x_wconf 84' lang='lat' dir='ltr'>tiorum</span> <span class='ocrx_word' id='word_1_96' title='bbox 320 1647 392 1720; x_wconf 43' lang='lat' dir='ltr'>(vel</span> <span class='ocrx_word' id='word_1_97' title='bbox 416 1649 618 1725; x_wconf 76' lang='lat' dir='ltr'>demonum</span> <span class='ocrx_word' id='word_1_98' title='bbox 644 1647 789 1739; x_wconf 80' lang='lat' dir='ltr'>servus,</span> <span class='ocrx_word' id='word_1_99' title='bbox 815 1645 1008 1721; x_wconf 91' lang='lat' dir='ltr'>secundum</span> <span class='ocrx_word' id='word_1_100' title='bbox 1031 1646 1151 1740; x_wconf 86' lang='lat' dir='ltr'>illum,</span> <span class='ocrx_word' id='word_1_101' title='bbox 1178 1641 1244 1735; x_wconf 73' lang='lat' dir='ltr'>qui</span> <span class='ocrx_word' id='word_1_102' title='bbox 1276 1725 1278 1729; x_wconf 69' lang='grc'>,</span> 
     </span>
     <span class='ocr_line' id='line_1_15' title="bbox 170 1742 1241 1843; baseline 0 -26"><span class='ocrx_word' id='word_1_103' title='bbox 170 1746 432 1843; x_wconf 78' lang='lat' dir='ltr'>interrogatus:</span> <span class='ocrx_word' id='word_1_104' title='bbox 467 1747 562 1842; x_wconf 77' lang='lat' dir='ltr'>Quod</span> <span class='ocrx_word' id='word_1_105' title='bbox 586 1748 647 1819; x_wconf 82' lang='lat' dir='ltr'>ribi</span> <span class='ocrx_word' id='word_1_106' title='bbox 671 1747 784 1842; x_wconf 70' lang='lat' dir='ltr'>nomen</span> <span class='ocrx_word' id='word_1_107' title='bbox 808 1742 873 1842; x_wconf 72' lang='lat' dir='ltr'>esi?</span> <span class='ocrx_word' id='word_1_108' title='bbox 908 1746 1088 1841; x_wconf 74' lang='lat' dir='ltr'>respondit:</span> <span class='ocrx_word' id='word_1_109' title='bbox 1117 1749 1241 1838; x_wconf 75' lang='lat' dir='ltr'>Legior</span> 
     </span>
     <span class='ocr_line' id='line_1_16' title="bbox 169 1845 1240 1940; baseline -0.001 -24"><span class='ocrx_word' id='word_1_110' title='bbox 169 1847 282 1916; x_wconf 80' lang='lat' dir='ltr'>Multi</span> <span class='ocrx_word' id='word_1_111' title='bbox 296 1855 379 1917; x_wconf 76' lang='lat' dir='ltr'>enim</span> <span class='ocrx_word' id='word_1_112' title='bbox 391 1849 524 1937; x_wconf 75' lang='lat' dir='ltr'>sumus.-</span> <span class='ocrx_word' id='word_1_113' title='bbox 551 1847 796 1924; x_wconf 84' lang='lat' dir='ltr'>&amp;secundum</span> <span class='ocrx_word' id='word_1_114' title='bbox 812 1845 923 1938; x_wconf 86' lang='lat' dir='ltr'>illud,</span> <span class='ocrx_word' id='word_1_115' title='bbox 948 1846 1048 1940; x_wconf 90' lang='lat' dir='ltr'>quod</span> <span class='ocrx_word' id='word_1_116' title='bbox 1073 1864 1093 1916; x_wconf 92' lang='lat' dir='ltr'>a</span> <span class='ocrx_word' id='word_1_117' title='bbox 1117 1845 1240 1918; x_wconf 83' lang='lat' dir='ltr'>Salva·</span> 
     </span>
     <span class='ocr_line' id='line_1_17' title="bbox 168 1944 1242 2045; baseline -0.001 -28"><span class='ocrx_word' id='word_1_118' title='bbox 168 1958 253 2020; x_wconf 89' lang='lat' dir='ltr'>tore</span> <span class='ocrx_word' id='word_1_119' title='bbox 277 1948 427 2039; x_wconf 82' lang='lat' dir='ltr'>dicitur,</span> <span class='ocrx_word' id='word_1_120' title='bbox 455 1951 536 2040; x_wconf 86' lang='lat' dir='ltr'>quia</span> <span class='ocrx_word' id='word_1_121' title='bbox 559 1974 628 2020; x_wconf 83' lang='lat' dir='ltr'>cum</span> <span class='ocrx_word' id='word_1_122' title='bbox 645 1954 769 2040; x_wconf 10' lang='lat' dir='ltr'>exierit!</span> <span class='ocrx_word' id='word_1_123' title='bbox 781 1950 961 2022; x_wconf 80' lang='lat' dir='ltr'>immundus</span> <span class='ocrx_word' id='word_1_124' title='bbox 973 1946 1108 2045; x_wconf 77' lang='lat' dir='ltr'>spiritvs</span> <span class='ocrx_word' id='word_1_125' title='bbox 1121 1944 1165 2045; x_wconf 67' lang='lat' dir='ltr'>qb</span> <span class='ocrx_word' id='word_1_126' title='bbox 1180 1944 1242 2016; x_wconf 76' lang='lat' dir='ltr'>la·-</span> 
     </span>
     <span class='ocr_line' id='line_1_18' title="bbox 168 2043 1237 2148; baseline 0.003 -33"><span class='ocrx_word' id='word_1_127' title='bbox 168 2050 272 2134; x_wconf 82' lang='lat' dir='ltr'>mine,</span> <span class='ocrx_word' id='word_1_128' title='bbox 296 2052 412 2119; x_wconf 77' lang='lat' dir='ltr'>circuit</span> <span class='ocrx_word' id='word_1_129' title='bbox 430 2048 495 2122; x_wconf 83' lang='lat' dir='ltr'>loca</span> <span class='ocrx_word' id='word_1_130' title='bbox 515 2052 631 2140; x_wconf 81' lang='lat' dir='ltr'>arida,</span> <span class='ocrx_word' id='word_1_131' title='bbox 659 2043 801 2147; x_wconf 78' lang='lat' dir='ltr'>quarens</span> <span class='ocrx_word' id='word_1_132' title='bbox 820 2055 976 2148; x_wconf 80' lang='lat' dir='ltr'>requiem:</span> <span class='ocrx_word' id='word_1_133' title='bbox 1001 2044 1042 2126; x_wconf 64' lang='grc' dir='ltr'><em>ὅ</em></span> <span class='ocrx_word' id='word_1_134' title='bbox 1056 2067 1124 2118; x_wconf 83' lang='lat' dir='ltr'>artat</span> <span class='ocrx_word' id='word_1_135' title='bbox 1141 2049 1237 2118; x_wconf 81' lang='lat' dir='ltr'>inva-</span> 
     </span>
     <span class='ocr_line' id='line_1_19' title="bbox 169 2146 1327 2243; baseline 0 -28"><span class='ocrx_word' id='word_1_136' title='bbox 169 2149 266 2216; x_wconf 68' lang='grc' dir='ltr'>πέσω</span> <span class='ocrx_word' id='word_1_137' title='bbox 286 2150 387 2218; x_wconf 81' lang='lat' dir='ltr'>redit:</span> <span class='ocrx_word' id='word_1_138' title='bbox 413 2151 451 2225; x_wconf 72' lang='lat'>(5</span> <span class='ocrx_word' id='word_1_139' title='bbox 470 2156 642 2223; x_wconf 70' lang='lat' dir='ltr'>inventiam</span> <span class='ocrx_word' id='word_1_140' title='bbox 658 2154 780 2222; x_wconf 79' lang='lat' dir='ltr'>domum</span> <span class='ocrx_word' id='word_1_141' title='bbox 794 2166 963 2224; x_wconf 78' lang='lat' dir='ltr'>vacantem</span> <span class='ocrx_word' id='word_1_142' title='bbox 979 2146 1019 2226; x_wconf 63' lang='grc' dir='ltr'>θ</span> <span class='ocrx_word' id='word_1_143' title='bbox 1028 2148 1128 2243; x_wconf 78' lang='lat' dir='ltr'>scopis</span> <span class='ocrx_word' id='word_1_144' title='bbox 1143 2168 1236 2216; x_wconf 81' lang='lat' dir='ltr'>mura·</span> <span class='ocrx_word' id='word_1_145' title='bbox 1323 2167 1327 2178; x_wconf 86' lang='grc'><strong>’</strong></span> 
     </span>
     <span class='ocr_line' id='line_1_20' title="bbox 163 2243 1236 2346; baseline 0.007 -31"><span class='ocrx_word' id='word_1_146' title='bbox 163 2247 288 2333; x_wconf 83' lang='lat' dir='ltr'>datam,</span> <span class='ocrx_word' id='word_1_147' title='bbox 313 2246 440 2336; x_wconf 75' lang='lat' dir='ltr'>affitmit</span> <span class='ocrx_word' id='word_1_148' title='bbox 454 2249 556 2338; x_wconf 75' lang='lat' dir='ltr'>[acum</span> <span class='ocrx_word' id='word_1_149' title='bbox 567 2252 681 2346; x_wconf 77' lang='lat' dir='ltr'>sepiem</span> <span class='ocrx_word' id='word_1_150' title='bbox 696 2253 774 2323; x_wconf 76' lang='lat' dir='ltr'>alios</span> <span class='ocrx_word' id='word_1_151' title='bbox 784 2251 1100 2346; x_wconf 79' lang='lat' dir='ltr'>spiritur.nequioras</span> <span class='ocrx_word' id='word_1_152' title='bbox 1111 2247 1168 2333; x_wconf 72' lang='grc' dir='ltr'>[ις</span> <span class='ocrx_word' id='word_1_153' title='bbox 1193 2243 1236 2323; x_wconf 64' lang='lat' dir='ltr'><em>U</em></span> 
     </span>
     <span class='ocr_line' id='line_1_21' title="bbox 164 2346 1236 2425; baseline 0.004 -11"><span class='ocrx_word' id='word_1_154' title='bbox 164 2348 329 2415; x_wconf 79' lang='lat' dir='ltr'>intrantes</span> <span class='ocrx_word' id='word_1_155' title='bbox 346 2348 499 2423; x_wconf 68' lang='lat' dir='ltr'>hainam</span> <span class='ocrx_word' id='word_1_156' title='bbox 517 2355 606 2425; x_wconf 79' lang='lat' dir='ltr'>ineo.</span> <span class='ocrx_word' id='word_1_157' title='bbox 659 2346 707 2422; x_wconf 83' lang='lat' dir='ltr'>Et</span> <span class='ocrx_word' id='word_1_158' title='bbox 723 2350 923 2423; x_wconf 85' lang='lat' dir='ltr'>finedubio</span> <span class='ocrx_word' id='word_1_159' title='bbox 941 2348 1006 2424; x_wconf 87' lang='lat' dir='ltr'>iste</span> <span class='ocrx_word' id='word_1_160' title='bbox 1021 2347 1102 2424; x_wconf 84' lang='lat' dir='ltr'>talis</span> <span class='ocrx_word' id='word_1_161' title='bbox 1119 2346 1236 2419; x_wconf 89' lang='lat' dir='ltr'>homo</span> 
     </span>
     <span class='ocr_line' id='line_1_22' title="bbox 164 2442 1235 2541; baseline -0.001 -23"><span class='ocrx_word' id='word_1_162' title='bbox 164 2445 367 2518; x_wconf 85' lang='lat' dir='ltr'>communia</span> <span class='ocrx_word' id='word_1_163' title='bbox 393 2448 544 2541; x_wconf 50' lang='lat' dir='ltr'>dicitur»,</span> <span class='ocrx_word' id='word_1_164' title='bbox 578 2467 705 2524; x_wconf 88' lang='lat' dir='ltr'>eorum</span> <span class='ocrx_word' id='word_1_165' title='bbox 734 2448 908 2524; x_wconf 87' lang='lat' dir='ltr'>videlicet</span> <span class='ocrx_word' id='word_1_166' title='bbox 932 2445 1056 2523; x_wconf 83' lang='lat' dir='ltr'>servus</span> <span class='ocrx_word' id='word_1_167' title='bbox 1083 2442 1235 2524; x_wconf 63' lang='lat' dir='ltr'>effectus</span> 
     </span>
     <span class='ocr_line' id='line_1_23' title="bbox 166 2542 1333 2642; baseline 0.005 -27"><span class='ocrx_word' id='word_1_168' title='bbox 166 2542 328 2617; x_wconf 89' lang='lat' dir='ltr'>omnium</span> <span class='ocrx_word' id='word_1_169' title='bbox 338 2542 527 2638; x_wconf 88' lang='lat' dir='ltr'>spirituum</span> <span class='ocrx_word' id='word_1_170' title='bbox 547 2549 807 2642; x_wconf 88' lang='lat' dir='ltr'>malignorum,</span> <span class='ocrx_word' id='word_1_171' title='bbox 833 2549 893 2642; x_wconf 86' lang='lat' dir='ltr'>qni</span> <span class='ocrx_word' id='word_1_172' title='bbox 919 2546 1145 2627; x_wconf 78' lang='lat' dir='ltr'>habitantia</span> <span class='ocrx_word' id='word_1_173' title='bbox 1172 2564 1235 2622; x_wconf 85' lang='lat' dir='ltr'>eo.</span> <span class='ocrx_word' id='word_1_174' title='bbox 1271 2575 1273 2582; x_wconf 57' lang='grc'>’</span> <span class='ocrx_word' id='word_1_175' title='bbox 1325 2606 1333 2621; x_wconf 85' lang='grc'>.</span> 
     </span>
     <span class='ocr_line' id='line_1_24' title="bbox 161 2641 1237 2742; baseline 0 -23"><span class='ocrx_word' id='word_1_176' title='bbox 161 2641 303 2719; x_wconf 86' lang='lat' dir='ltr'>Merito</span> <span class='ocrx_word' id='word_1_177' title='bbox 315 2663 410 2738; x_wconf 84' lang='lat' dir='ltr'>¹argo</span> <span class='ocrx_word' id='word_1_178' title='bbox 426 2643 538 2723; x_wconf 83' lang='lat' dir='ltr'>sciens</span> <span class='ocrx_word' id='word_1_179' title='bbox 557 2644 729 2725; x_wconf 77' lang='lat' dir='ltr'>sermonis</span> <span class='ocrx_word' id='word_1_180' title='bbox 744 2646 847 2742; x_wconf 84' lang='lat' dir='ltr'>hujus</span> <span class='ocrx_word' id='word_1_181' title='bbox 863 2650 956 2722; x_wconf 92' lang='lat' dir='ltr'>hanc</span> <span class='ocrx_word' id='word_1_182' title='bbox 972 2646 1237 2724; x_wconf 83' lang='lat' dir='ltr'>efferationem</span> 
     </span>
     <span class='ocr_line' id='line_1_25' title="bbox 163 2740 1236 2842; baseline -0.002 -24"><span class='ocrx_word' id='word_1_183' title='bbox 163 2740 315 2833; x_wconf 84' lang='lat' dir='ltr'>Paulus,</span> <span class='ocrx_word' id='word_1_184' title='bbox 341 2744 454 2820; x_wconf 86' lang='lat' dir='ltr'>dicit:</span> <span class='ocrx_word' id='word_1_185' title='bbox 489 2750 622 2828; x_wconf 67' lang='lat' dir='ltr'>Scia-U</span> <span class='ocrx_word' id='word_1_186' title='bbox 647 2752 763 2836; x_wconf 68' lang='lat' dir='ltr'>confido</span> <span class='ocrx_word' id='word_1_187' title='bbox 788 2756 825 2818; x_wconf 83' lang='lat' dir='ltr'>in</span> <span class='ocrx_word' id='word_1_188' title='bbox 853 2753 992 2822; x_wconf 81' lang='lat' dir='ltr'>Domino</span> <span class='ocrx_word' id='word_1_189' title='bbox 1021 2746 1123 2842; x_wconf 78' lang='lat' dir='ltr'>Jesu,</span> <span class='ocrx_word' id='word_1_190' title='bbox 1157 2747 1236 2841; x_wconf 79' lang='lat' dir='ltr'>quia</span> 
     </span>
     <span class='ocr_line' id='line_1_26' title="bbox 166 2837 1236 2945; baseline 0.006 -34"><span class='ocrx_word' id='word_1_191' title='bbox 166 2841 257 2912; x_wconf 81' lang='lat' dir='ltr'>nihil</span> <span class='ocrx_word' id='word_1_192' title='bbox 280 2844 319 2939; x_wconf 69' lang='lat' dir='ltr'>esi</span> <span class='ocrx_word' id='word_1_193' title='bbox 343 2863 500 2918; x_wconf 78' lang='lat' dir='ltr'>commune</span> <span class='ocrx_word' id='word_1_194' title='bbox 523 2867 579 2945; x_wconf 83' lang='lat' dir='ltr'>prr</span> <span class='ocrx_word' id='word_1_195' title='bbox 603 2837 713 2942; x_wconf 70' lang='lat' dir='ltr'>ipsvm.</span> <span class='ocrx_word' id='word_1_196' title='bbox 766 2847 867 2923; x_wconf 88' lang='lat' dir='ltr'>Nihil</span> <span class='ocrx_word' id='word_1_197' title='bbox 889 2849 983 2923; x_wconf 89' lang='lat' dir='ltr'>enim</span> <span class='ocrx_word' id='word_1_198' title='bbox 1009 2846 1045 2919; x_wconf 90' lang='lat' dir='ltr'>in</span> <span class='ocrx_word' id='word_1_199' title='bbox 1059 2845 1236 2919; x_wconf 80' lang='lat' dir='ltr'>creaturis</span> 
     </span>
     <span class='ocr_line' id='line_1_27' title="bbox 162 2940 1242 3040; baseline -0.001 -24"><span class='ocrx_word' id='word_1_200' title='bbox 162 2940 234 3024; x_wconf 80' lang='lat' dir='ltr'>Dei</span> <span class='ocrx_word' id='word_1_201' title='bbox 250 2957 375 3016; x_wconf 90' lang='lat' dir='ltr'>natura</span> <span class='ocrx_word' id='word_1_202' title='bbox 393 2945 442 3022; x_wconf 91' lang='lat' dir='ltr'>sui</span> <span class='ocrx_word' id='word_1_203' title='bbox 458 2947 677 3022; x_wconf 91' lang='lat' dir='ltr'>immundum</span> <span class='ocrx_word' id='word_1_204' title='bbox 695 2947 764 3023; x_wconf 85' lang='lat' dir='ltr'>est:</span> <span class='ocrx_word' id='word_1_205' title='bbox 791 2946 934 3040; x_wconf 83' lang='lat' dir='ltr'>(omnia</span> <span class='ocrx_word' id='word_1_206' title='bbox 951 2951 1107 3037; x_wconf 83' lang='lat' dir='ltr'>namque</span> <span class='ocrx_word' id='word_1_207' title='bbox 1120 2966 1148 3015; x_wconf 89' lang='lat' dir='ltr'>a</span> <span class='ocrx_word' id='word_1_208' title='bbox 1166 2946 1242 3016; x_wconf 90' lang='lat' dir='ltr'>bo·-</span> 
     </span>
     <span class='ocr_line' id='line_1_28' title="bbox 163 3040 1232 3136; baseline -0.004 -20"><span class='ocrx_word' id='word_1_209' title='bbox 163 3062 215 3116; x_wconf 92' lang='lat' dir='ltr'>no</span> <span class='ocrx_word' id='word_1_210' title='bbox 232 3040 316 3119; x_wconf 86' lang='lat' dir='ltr'>Deo</span> <span class='ocrx_word' id='word_1_211' title='bbox 335 3063 475 3136; x_wconf 86' lang='lat' dir='ltr'>creata,</span> <span class='ocrx_word' id='word_1_212' title='bbox 501 3049 599 3122; x_wconf 90' lang='lat' dir='ltr'>bona</span> <span class='ocrx_word' id='word_1_213' title='bbox 622 3046 692 3124; x_wconf 80' lang='lat' dir='ltr'>eise</span> <span class='ocrx_word' id='word_1_214' title='bbox 720 3047 862 3126; x_wconf 83' lang='lat' dir='ltr'>constat</span> <span class='ocrx_word' id='word_1_215' title='bbox 888 3044 1093 3135; x_wconf 69' lang='lat' dir='ltr'>inmunda)</span> <span class='ocrx_word' id='word_1_216' title='bbox 1114 3045 1165 3131; x_wconf 80' lang='lat' dir='ltr'>[ed</span> <span class='ocrx_word' id='word_1_217' title='bbox 1190 3046 1232 3131; x_wconf 85' lang='lat' dir='ltr'>ei,</span> 
     </span>
     <span class='ocr_line' id='line_1_29' title="bbox 166 3140 1235 3246; baseline -0.001 -31"><span class='ocrx_word' id='word_1_218' title='bbox 166 3140 301 3235; x_wconf 83' lang='lat' dir='ltr'>inquit,</span> <span class='ocrx_word' id='word_1_219' title='bbox 327 3152 385 3245; x_wconf 77' lang='lat' dir='ltr'>qui</span> <span class='ocrx_word' id='word_1_220' title='bbox 410 3147 566 3243; x_wconf 73' lang='lat' dir='ltr'>existimor</span> <span class='ocrx_word' id='word_1_221' title='bbox 589 3148 711 3246; x_wconf 79' lang='lat' dir='ltr'>aliquid</span> <span class='ocrx_word' id='word_1_222' title='bbox 728 3146 788 3244; x_wconf 76' lang='lat' dir='ltr'>affe</span> <span class='ocrx_word' id='word_1_223' title='bbox 804 3173 981 3230; x_wconf 76' lang='lat' dir='ltr'>commune,</span> <span class='ocrx_word' id='word_1_224' title='bbox 1007 3145 1060 3240; x_wconf 76' lang='lat' dir='ltr'>ipfi</span> <span class='ocrx_word' id='word_1_225' title='bbox 1074 3167 1235 3215; x_wconf 78' lang='lat' dir='ltr'>commune</span> 
     </span>
     <span class='ocr_line' id='line_1_30' title="bbox 166 3240 1276 3337; baseline 0.007 -26"><span class='ocrx_word' id='word_1_226' title='bbox 166 3240 227 3337; x_wconf 74' lang='lat' dir='ltr'>efi:</span> <span class='ocrx_word' id='word_1_227' title='bbox 253 3242 326 3316; x_wconf 91' lang='lat' dir='ltr'>hoc</span> <span class='ocrx_word' id='word_1_228' title='bbox 346 3244 410 3336; x_wconf 89' lang='lat' dir='ltr'>est,</span> <span class='ocrx_word' id='word_1_229' title='bbox 428 3249 487 3335; x_wconf 83' lang='lat' dir='ltr'>qui</span> <span class='ocrx_word' id='word_1_230' title='bbox 505 3249 712 3322; x_wconf 89' lang='lat' dir='ltr'>intentione</span> <span class='ocrx_word' id='word_1_231' title='bbox 730 3249 850 3321; x_wconf 81' lang='lat' dir='ltr'>cordia</span> <span class='ocrx_word' id='word_1_232' title='bbox 864 3247 1085 3322; x_wconf 87' lang='lat' dir='ltr'>immundum</span> <span class='ocrx_word' id='word_1_233' title='bbox 1102 3240 1236 3333; x_wconf 88' lang='lat' dir='ltr'>aliquid</span> <span class='ocrx_word' id='word_1_234' title='bbox 1273 3313 1276 3319; x_wconf 82' lang='grc'>.</span> 
     </span>
     <span class='ocr_line' id='line_1_31' title="bbox 166 3341 1245 3436; baseline 0.006 -25"><span class='ocrx_word' id='word_1_235' title='bbox 166 3341 327 3436; x_wconf 81' lang='lat' dir='ltr'>cogitat,</span> <span class='ocrx_word' id='word_1_236' title='bbox 355 3344 387 3415; x_wconf 77' lang='lat' dir='ltr'>dr</span> <span class='ocrx_word' id='word_1_237' title='bbox 412 3346 677 3421; x_wconf 84' lang='lat' dir='ltr'>observantiam</span> <span class='ocrx_word' id='word_1_238' title='bbox 702 3348 917 3424; x_wconf 76' lang='lat' dir='ltr'>diversitatis</span> <span class='ocrx_word' id='word_1_239' title='bbox 941 3344 1117 3434; x_wconf 88' lang='lat' dir='ltr'>admittit,</span> <span class='ocrx_word' id='word_1_240' title='bbox 1143 3342 1245 3420; x_wconf 44' lang='lat' dir='ltr'>sicut-1</span> 
     </span>
     <span class='ocr_line' id='line_1_32' title="bbox 162 3440 1234 3545; baseline 0.001 -32"><span class='ocrx_word' id='word_1_241' title='bbox 162 3440 250 3518; x_wconf 71' lang='lat' dir='ltr'>&amp;ain</span> <span class='ocrx_word' id='word_1_242' title='bbox 270 3442 571 3534; x_wconf 84' lang='lat' dir='ltr'>consequentibus</span> <span class='ocrx_word' id='word_1_243' title='bbox 590 3447 695 3521; x_wconf 85' lang='lat' dir='ltr'>dicit:</span> <span class='ocrx_word' id='word_1_244' title='bbox 717 3451 788 3545; x_wconf 78' lang='lat' dir='ltr'>Qui</span> <span class='ocrx_word' id='word_1_245' title='bbox 806 3465 912 3521; x_wconf 75' lang='lat' dir='ltr'>autem</span> <span class='ocrx_word' id='word_1_246' title='bbox 929 3448 1090 3534; x_wconf 75' lang='lat' dir='ltr'>discernit,</span> <span class='ocrx_word' id='word_1_247' title='bbox 1103 3443 1128 3537; x_wconf 73' lang='lat' dir='ltr'><em>fi</em></span> <span class='ocrx_word' id='word_1_248' title='bbox 1143 3466 1234 3514; x_wconf 80' lang='lat' dir='ltr'>man·</span> 
     </span>
     <span class='ocr_line' id='line_1_33' title="bbox 164 3545 1340 3644; baseline 0 -32"><span class='ocrx_word' id='word_1_249' title='bbox 164 3545 348 3638; x_wconf 71' lang='lat' dir='ltr'>ducar-crit,</span> <span class='ocrx_word' id='word_1_250' title='bbox 375 3546 542 3616; x_wconf 79' lang='lat' dir='ltr'>damnatur</span> <span class='ocrx_word' id='word_1_251' title='bbox 558 3548 621 3643; x_wconf 65' lang='lat' dir='ltr'>‘sia&#39;</span> <span class='ocrx_word' id='word_1_252' title='bbox 646 3554 722 3644; x_wconf 70' lang='lat' dir='ltr'>quia</span> <span class='ocrx_word' id='word_1_253' title='bbox 745 3574 809 3621; x_wconf 84' lang='lat' dir='ltr'>non</span> <span class='ocrx_word' id='word_1_254' title='bbox 834 3550 957 3641; x_wconf 78' lang='lat' dir='ltr'>axfide,</span> <span class='ocrx_word' id='word_1_255' title='bbox 1011 3550 1111 3615; x_wconf 86' lang='lat' dir='ltr'>Omne</span> <span class='ocrx_word' id='word_1_256' title='bbox 1136 3547 1232 3632; x_wconf 83' lang='lat' dir='ltr'>enirn,</span> <span class='ocrx_word' id='word_1_257' title='bbox 1333 3548 1340 3560; x_wconf 81' lang='lat'><em>‘</em></span> 
     </span>
     <span class='ocr_line' id='line_1_34' title="bbox 165 3631 1271 3743; baseline 0.005 -34"><span class='ocrx_word' id='word_1_258' title='bbox 165 3644 245 3737; x_wconf 81' lang='lat' dir='ltr'>quod</span> <span class='ocrx_word' id='word_1_259' title='bbox 264 3668 329 3713; x_wconf 84' lang='lat' dir='ltr'>non</span> <span class='ocrx_word' id='word_1_260' title='bbox 347 3643 382 3737; x_wconf 67' lang='lat' dir='ltr'>esi</span> <span class='ocrx_word' id='word_1_261' title='bbox 401 3671 439 3716; x_wconf 86' lang='lat' dir='ltr'>ex</span> <span class='ocrx_word' id='word_1_262' title='bbox 449 3648 529 3737; x_wconf 75' lang='lat' dir='ltr'>fida,</span> <span class='ocrx_word' id='word_1_263' title='bbox 553 3664 709 3742; x_wconf 78' lang='lat' dir='ltr'>peccatum</span> <span class='ocrx_word' id='word_1_264' title='bbox 724 3649 774 3743; x_wconf 67' lang='lat' dir='ltr'>epi.</span> <span class='ocrx_word' id='word_1_265' title='bbox 822 3648 905 3724; x_wconf 84' lang='lat' dir='ltr'>Nec</span> <span class='ocrx_word' id='word_1_266' title='bbox 921 3647 1093 3723; x_wconf 84' lang='lat' dir='ltr'>tamenin</span> <span class='ocrx_word' id='word_1_267' title='bbox 1111 3645 1165 3718; x_wconf 85' lang='lat' dir='ltr'>his</span> <span class='ocrx_word' id='word_1_268' title='bbox 1184 3639 1235 3715; x_wconf 84' lang='lat' dir='ltr'>di·</span> <span class='ocrx_word' id='word_1_269' title='bbox 1260 3631 1271 3653; x_wconf 29' lang='grc' dir='ltr'><strong>χ</strong></span> 
     </span>
    </p>
   </div>
   <div class='ocr_carea' id='block_1_3' title="bbox 163 3740 1340 4146">
    <p class='ocr_par' dir='ltr' id='par_1_3' title="bbox 163 3740 1340 4146">
     <span class='ocr_line' id='line_1_35' title="bbox 163 3740 1340 3850; baseline -0.001 -30"><span class='ocrx_word' id='word_1_270' title='bbox 163 3740 388 3820; x_wconf 75' lang='lat' dir='ltr'>ssinttionem</span> <span class='ocrx_word' id='word_1_271' title='bbox 405 3748 492 3841; x_wconf 75' lang='lat' dir='ltr'>legis</span> <span class='ocrx_word' id='word_1_272' title='bbox 512 3746 680 3835; x_wconf 79' lang='lat' dir='ltr'>exclusit,</span> <span class='ocrx_word' id='word_1_273' title='bbox 707 3762 751 3823; x_wconf 92' lang='lat' dir='ltr'>ut</span> <span class='ocrx_word' id='word_1_274' title='bbox 773 3748 937 3824; x_wconf 86' lang='lat' dir='ltr'>absolute</span> <span class='ocrx_word' id='word_1_275' title='bbox 961 3746 1118 3850; x_wconf 75' lang='lat' dir='ltr'>diceret,</span> <span class='ocrx_word' id='word_1_276' title='bbox 1145 3744 1237 3819; x_wconf 89' lang='lat' dir='ltr'>nihil</span> <span class='ocrx_word' id='word_1_277' title='bbox 1339 3801 1340 3806; x_wconf 65' lang='lat'>,</span> 
     </span>
     <span class='ocr_line' id='line_1_36' title="bbox 167 3840 1236 3941; baseline 0.003 -27"><span class='ocrx_word' id='word_1_278' title='bbox 167 3840 238 3914; x_wconf 87' lang='lat' dir='ltr'>elle</span> <span class='ocrx_word' id='word_1_279' title='bbox 255 3864 445 3920; x_wconf 90' lang='lat' dir='ltr'>commune</span> <span class='ocrx_word' id='word_1_280' title='bbox 460 3862 521 3918; x_wconf 85' lang='lat' dir='ltr'>aut</span> <span class='ocrx_word' id='word_1_281' title='bbox 535 3849 753 3923; x_wconf 88' lang='lat' dir='ltr'>immundum</span> <span class='ocrx_word' id='word_1_282' title='bbox 769 3868 917 3941; x_wconf 88' lang='lat' dir='ltr'>eorum,</span> <span class='ocrx_word' id='word_1_283' title='bbox 941 3866 1019 3939; x_wconf 84' lang='lat' dir='ltr'>quae</span> <span class='ocrx_word' id='word_1_284' title='bbox 1034 3848 1092 3932; x_wconf 70' lang='lat' dir='ltr'>len</span> <span class='ocrx_word' id='word_1_285' title='bbox 1109 3841 1236 3918; x_wconf 90' lang='lat' dir='ltr'>defini·</span> 
     </span>
     <span class='ocr_line' id='line_1_37' title="bbox 165 3943 1235 4146; baseline -0.001 -127"><span class='ocrx_word' id='word_1_286' title='bbox 165 3944 429 4027; x_wconf 88' lang='lat' dir='ltr'>vitimmunda.</span> <span class='ocrx_word' id='word_1_287' title='bbox 465 3945 632 4025; x_wconf 73' lang='lat' dir='ltr'>Praemisit</span> <span class='ocrx_word' id='word_1_288' title='bbox 648 3946 918 4144; x_wconf 57' lang='grc' dir='ltr'>εὲἰὲιῗυίιω,</span> <span class='ocrx_word' id='word_1_289' title='bbox 945 3966 1008 4022; x_wconf 89' lang='lat' dir='ltr'>cur</span> <span class='ocrx_word' id='word_1_290' title='bbox 1026 3943 1235 4146; x_wconf 54' lang='lat' dir='ltr'>peirpffiet-</span> 
     </span>
    </p>
   </div>
   <div class='ocr_carea' id='block_1_4' title="bbox 0 0 1418 4559">
    <p class='ocr_par' dir='ltr' id='par_1_4' title="bbox 0 0 1418 4559">
     <span class='ocr_line' id='line_1_38' title="bbox 0 0 1418 4559; baseline 0 0"><span class='ocrx_word' id='word_1_291' title='bbox 0 0 1418 4559; x_wconf 95' lang='lat' dir='ltr'> </span> 
     </span>
    </p>
   </div>
  </div>
 </body>
</html>
