2825 4559
201 320 265 398 IN
289 313 464 398 EPIST.
489 251 957 398 bononianum.
982 229 1088 400 vill.
1139 339 1210 411 alt

137 499 263 561 autern
280 501 347 576 per
363 480 511 578 gratiam
521 475 754 572 justificatur,
780 478 843 553 ista
865 480 1008 572 quidem
1029 499 1141 578 opera
1164 486 1210 560 ab

138 606 191 660 eo
207 586 352 660 minime
367 592 594 674 quaeruntur,
618 577 679 650 scd
705 578 899 653 observare
924 580 1055 664 debet,
1080 603 1128 657 ne
1153 603 1211 656 ac*

141 699 251 778 cepta
265 686 379 781 gratia
397 682 511 754 inania
534 676 598 753 fiat
617 680 655 751 in
674 698 747 766 eo‚·
779 678 869 753 sicut
889 679 926 754 dt
951 680 1080 755 Paulus
1101 684 1211 772 dieite

140 786 225 877 quia
241 790 350 878 gratia
367 785 436 879 ejus
461 785 499 851 in
515 803 561 850 me
585 781 695 849 inanis
709 803 776 848 nan
792 779 883 868 fuit,
902 780 958 872 sed
968 786 1102 876 ampliter
1117 793 1210 879 quern

137 907 247 958 omnes
265 885 317 957 iiii
332 883 488 954 laboravi.
539 876 589 952 Et
609 873 740 953 iterum
762 879 860 951 addit
881 893 1048 973 tanquam
1069 899 1212 966 memor

137 987 281 1083 gratie:
306 985 389 1060 Nan
406 1005 472 1075 ega,
497 981 633 1071 inquit,
655 978 711 1067 sed
728 983 835 1072 gratia
860 984 926 1055 Dei
945 977 1068 1054 mettim.
1118 981 1210 1059 Non

138 1062 338 1180 facitergo
352 1085 494 1156 inanem
513 1080 661 1175 gratiam
676 1080 748 1165 ille,
760 1080 818 1170 qui
838 1079 942 1175 digna
957 1081 990 1154 ei
1005 1101 1116 1174 opera
1134 1081 1213 1155 sub·

136 1184 279 1279 iungit,
291 1184 339 1255 dt
355 1183 475 1278 gratia
493 1179 563 1253 Dei
581 1195 660 1251 non
674 1175 794 1264 existit
811 1180 985 1277 ingratus.
1026 1183 1102 1280 Qui
1115 1173 1211 1258 enim

137 1281 223 1381 post
241 1282 470 1356 consecutam
486 1279 631 1376 gratiam
649 1292 800 1373 peccat,
825 1276 1045 1375 ingratur'fit
1063 1283 1120 1373 ai,
1147 1283 1209 1371 qui
1287 1337 1289 1346 .

102 1389 109 1416 ¹
137 1381 301 1477 prestitit
315 1380 476 1478 gratiam.
526 1377 563 1451 Si
589 1395 807 1452 autemnon
833 1381 975 1454 inanem
992 1379 1121 1454 feceris
1136 1401 1213 1476 gra·

138 1484 248 1574 tiam,
274 1479 569 1574 multiplicabitur
584 1478 650 1550 tibi
667 1478 799 1574 gratia,
827 1480 860 1552 br
884 1491 1051 1572 tanquam
1075 1501 1213 1553 merce·

139 1582 222 1658 dem
238 1582 326 1655 boni
343 1582 464 1675 operis
481 1580 671 1674 gratiarum
687 1579 952 1654 multitudinem
967 1578 1211 1673 consequeris,

139 1681 233 1756 ficut
253 1682 290 1754 dt
306 1679 381 1774 ipse
403 1678 548 1771 scribit,
575 1677 610 1749 dt
631 1676 759 1749 Petrus
782 1678 819 1750 in
844 1676 1003 1771 Epistola
1024 1680 1083 1752 sua
1105 1679 1211 1756 dicit:

143 1783 264 1854 Gratia
279 1780 366 1851 veiis
382 1777 422 1856 ὅ
444 1797 508 1874 pax
535 1779 762 1873 multiplicetur
779 1783 815 1847 in
834 1783 1043 1871 recognitione
1062 1783 1148 1850 Dei:
1177 1779 1212 1855 dr

143 1880 278 1956 iterun
296 1881 400 1956 alibi:
435 1882 481 1950 Ut
497 1876 569 1947 bani
582 1878 804 1974 dispensatores
819 1879 1004 1975 multiplicis
1012 1885 1127 1972 gratia
1141 1884 1213 1953 Dei.

220 1977 254 2071 7.
279 1982 371 2073 Quid
396 2001 464 2072 erga
486 1973 552 2074 esi?
583 1979 678 2072 Quod
694 1979 848 2072 querebat
868 1979 965 2065 lsrael
972 2023 983 2062 ‚
1008 1981 1064 2050 irae
1086 2004 1151 2049 non
1172 1981 1214 2076 eft

85 2099 99 2142 2*
143 2082 343 2166 muletatus:
370 2078 477 2151 eieiir'o
491 2094 597 2150 autem
611 2077 772 2166 consecuta
788 2080 849 2176 efla
872 2086 1067 2151 enutrivere
1083 2101 1215 2154 excato-

85 2201 90 2248 ·:
141 2184 173 2252 rr·
186 2179 293 2272 [eutr
311 2179 392 2276 ficut
406 2178 556 2274 scriptam
572 2177 629 2274 esi,
658 2181 758 2249 Dedit
780 2181 849 2249 isiir
868 2185 954 2251 Deru
967 2178 1120 2275 spiritum
1134 2206 1214 2251 com·

85 2301 90 2346 :
139 2280 347 2376 puniiianir3
368 2281 472 2351 etuias
486 2294 523 2350 ret
537 2302 603 2349 non
618 2278 766 2366 videant,
777 2280 814 2355 (s
824 2305 918 2351 auras
932 2295 972 2351 ur
983 2304 1050 2351 non
1066 2283 1214 2370 audiant,

140 2380 237 2483 resque
251 2388 289 2455 iri
301 2381 490 2452 hodiernum
506 2381 597 2450 diem.
636 2379 683 2449 Et
696 2381 811 2450 David
825 2380 924 2451 dicit:
952 2383 1031 2452 Fiat
1047 2379 1216 2470 menslr‘ea·

147 2504 220 2578 runa
235 2485 271 2552 in
286 2482 448 2580 iaquerem,
471 2478 511 2555 (s
524 2482 766 2573 inceptionem,
792 2477 830 2555 Θ
844 2484 882 2551 in
894 2481 1095 2572 sommium,
1121 2480 1160 2555 (5
1177 2487 1216 2553 in

150 2581 390 2653 retribationem
407 2580 487 2650 illis.
543 2579 760 2665 obscurentur
778 2581 858 2650 erudi
872 2603 1051 2668 earum‚·ne
1065 2583 1215 2666 videant,

85 2719 95 2746 .
145 2678 186 2762 (ὅ
197 2682 316 2769 dorsum
330 2683 457 2753 illorum
467 2676 747 2780 semper-incurate.
773 2678 815 2754 ln
830 2679 884 2752 his
894 2679 1094 2771 Apostolus
1110 2681 1218 2757 lsrael

141 2783 181 2855 in
197 2781 286 2855 duat
304 2780 434 2855 dividit
453 2793 596 2873 parter,
624 2798 773 2870 quarum
791 2799 897 2853 unam
921 2779 1134 2855 elediionem
1150 2802 1218 2853 vo-

85 2895 95 2944 l
143 2895 225 2968 cat,
251 2901 329 2972 quae
354 2877 549 2956 consecuta
571 2876 614 2952 srt
634 2880 732 2968 quod
757 2879 956 2970 quaereba't:
982 2882 1084 2954 aliam
1111 2897 1219 2955 caete-

142 3001 208 3055 ror
226 2982 404 3073 appellat,
429 2979 488 3071 qui
504 2997 580 3052 non
596 2977 710 3050 solum
728 2976 912 3053 consecuti
928 2999 1005 3053 non
1023 2978 1103 3052 sunt
1119 2983 1218 3072 quod

85 3091 90 3136 ῑ·
151 3083 383 3172 quatiebant,
409 3079 468 3153 sed
486 3081 656 3151 excaecati
675 3075 755 3151 sunt
778 3077 904 3170 spiritu
919 3078 1220 3174 compuniiionir.
1279 3101 1282 3108 ·
1319 3077 1331 3138 Ῑ

85 3203 87 3220 ¹
151 3180 295 3279 Quibus
314 3182 421 3253 etianr
439 3178 558 3252 Deum
574 3175 706 3251 dedisse
723 3177 811 3250 dicit
825 3180 924 3251 ocules
939 3196 978 3250 ar
994 3205 1060 3251 nen
1072 3184 1220 3276 videant,

149 3281 192 3357 (5
210 3295 357 3349 curerat
379 3303 445 3348 noa
463 3281 619 3361 audiant,
645 3276 738 3374 usaue
759 3283 795 3348 in
816 3279 1003 3352 hodiernum
1021 3282 1118 3369 diem,
1146 3282 1221 3365 hoc
1310 3308 1312 3317 ·

147 3379 224 3471 est,
251 3377 360 3472 usque
376 3380 420 3451 ad
441 3377 787 3454 consummationem
804 3377 932 3452 saeculi.
983 3379 1053 3452 Sed
1073 3381 1224 3472 quanio

149 3480 260 3555 nobis
274 3492 467 3565 movetur,
487 3477 675 3568 quomodo
689 3477 852 3554 debono
869 3480 952 3554 Deo
970 3479 1078 3576 digne
1091 3479 1223 3561 diiiurn

149 3580 332 3667 videatur,
350 3578 448 3670 quod
468 3576 541 3670 ipse
557 3575 696 3650 dederit
712 3581 842 3653 oculos
862 3580 1004 3656 residuo
1021 3579 1128 3653 Israel
1148 3583 1223 3673 qui·

127 3764 129 3771 ,
153 3683 223 3756 bus
239 3700 315 3751 non
330 3679 475 3769 videat,
502 3677 652 3748 &aures
669 3678 797 3766 quibua
814 3699 890 3752 non
904 3681 1034 3758 audiat.
1063 3678 1110 3753 Et
1125 3683 1225 3785 vide¹

154 3799 204 3856 ne
221 3778 320 3853 sorte
336 3780 411 3850 lraec
427 3779 538 3872 magis
554 3777 747 3848 retributio
768 3777 811 3849 fit
832 3779 865 3851 dr
881 3799 1019 3853 merces
1034 3782 1227 3855 inereduli.
1325 3865 1329 3874 ¹

157 3879 262 3965 tatis,
284 3857 480 3953 secundum
507 3897 549 3953 ea
574 3863 652 3967 ipu'ae
667 3876 704 3974 in
723 3874 965 3968 superioribus
983 3877 1224 3980 exposuimus,
1327 3877 1331 3896 ¹

159 3979 222 4062 ubi
246 3980 397 4078 dicitur,
424 3978 506 4078 quia
525 4000 593 4056 aaa
606 3977 824 4082 probaverunt
841 3983 945 4058 Deua
962 3982 1074 4059 baim
1086 3985 1124 4049 in
1140 3984 1227 4062 norit

1087 4084 1196 4160 13·an
1240 4083 1242 4087 .
