2825 4559
128 184 135 198 ’
227 241 316 341 ψ
357 199 675 316 'onr'ounr'a
716 205 1124 332 conueniat.

103 369 108 378 ,
152 444 155 451 =
229 423 278 481 ex
300 414 452 494 utraque
476 385 579 496 parte
605 397 745 477 favoris
773 361 952 498 disciplina
980 385 1153 482 servatur.
1204 403 1296 484 Non

142 567 145 573 ,
231 505 329 580 enim
343 504 381 574 vi
399 500 455 575 rea
474 502 614 597 agitur,¹
633 521 753 594 neque
774 502 978 577 ncceilrtate
996 505 1033 577 in
1050 508 1193 587 alteram
1214 529 1312 601 par»

230 619 307 679 tem
335 604 449 676 anima
477 601 694 675 declinatur:
722 602 880 694 alioquin
909 623 979 677 nec
1010 607 1114 698 culpa
1140 606 1201 697 ei,
1230 628 1299 682 nec

232 705 351 777 virtut
376 696 494 800 pollet
519 699 691 798 adscribi3
727 713 797 776 uec
822 704 910 776 boni
935 702 1066 776 cicilio
1092 708 1296 803 premium,

231 823 304 880 uec
322 797 617 876 declinatio-mali
637 797 843 896 supplicium
861 816 1079 881 mereretur:
1105 798 1296 880 scd-serva·

153 903 172 940 ²
233 917 294 978 tur
310 900 343 976 ei
357 905 393 974 in
409 902 577 975 omnibus
595 899 741 982 libertaa‘
760 899 809 973 sui
826 902 985 996 arbitrii,
1003 904 1097 976 utin
1116 905 1214 993 quod
1230 915 1299 978 uo·

109 1001 126 1026 ”
231 994 426 1095 lueritipsa
442 998 619 1092 declinet,
643 997 736 1074 licut
750 997 918 1097 scriptum
934 1000 1005 1076 esta
1034 1003 1300 1098 Ecceposaianra

111 1115 114 1120 ’
227 1103 348 1198 faciem
371 1117 459 1171 tuam
479 1103 585 1169 vitum
605 1096 647 1175 U
670 1116 820 1191 muriam,
847 1106 948 1193 ignem
973 1099 1012 1178 0
1035 1127 1170 1198 aquam·
1210 1105 1298 1177 Vita

142 1261 147 1270 ,
233 1221 323 1299 ergo
345 1195 503 1273 Christus
526 1196 597 1288 est,
624 1197 1209 1294 &·morsnovill1musinimicua‚
1236 1205 1298 1295 qui

233 1300 286 1387 est
306 1299 496 1372 Diabolus.
548 1296 668 1371 Habet
688 1317 776 1393 ergo
792 1300 828 1371 in
849 1301 1001 1372 arbitrio
1025 1299 1088 1373 suo
1109 1302 1246 1393 anima,
1272 1301 1299 1377 fi

232 1401 347 1490 uelit,
373 1399 504 1494 eligere
529 1398 641 1471 vitam
666 1394 866 1489 Christum,
893 1401 1010 1493 autin
1037 1415 1189 1474 mortem
1215 1399 1298 1474 Dia·

117 1525 122 1531 ·
231 1500 359 1574 bolum
382 1495 586 1573 declinare·
625 1495 763 1594 Quodsi
783 1498 985 1592 agnoscens
1014 1500 1127 1572 anima
1155 1499 1300 1594 Deum,

234 1593 410 1671 Chiistum
428 1597 538 1667 vitam
554 1591 649 1669 suam
666 1596 866 1688 amplexata
885 1615 962 1672 non
979 1597 1107 1691 suerit,
1127 1601 1195 1670 ne'c
1210 1599 1300 1672 sicut

231 1697 355 1774 Deum
380 1692 684 1791 magnificaverit,
712 1709 773 1768 aut
798 1701 926 1790 gratiae
955 1699 1096 1793 egerit,
1128 1698 1186 1770 sed
1213 1718 1301 1771 eva·

231 1799 356 1872 nuerit
373 1795 417 1867 in
445 1794 728 1889 cogitationibus
753 1791 843 1887 suia,
868 1795 902 1867 u
926 1798 1122 1871 mutaverit
1147 1799 1299 1892 gloriam

126 1949 130 1964 .
231 1893 515 1988 incorruptibilia
539 1891 609 1966 Dei
627 1892 664 1964 in
682 1890 940 1968 similitudinem
966 1897 1124 1991 imaginis
1151 1917 1300 1992 corrup·

82 2073 84 2082 ,
232 1997 343 2068 tibilis
368 1994 523 2067 hominia
546 1991 579 2063 u
602 1991 795 2064 volucrum
820 1992 853 2065 u
877 1996 1142 2092 quadrupedum
1170 1998 1201 2067 dr
1231 1995 1300 2069 ser·

125 2129 132 2166 r
152 2111 166 2126 ⁸
219 2096 418 2190 nentium,
443 2091 479 2164 δι
499 2090 610 2164 inhia
632 2091 799 2164 omnibus
818 2092 1057 2168 declinaverit
1075 2097 1117 2169 ad
1137 2115 1297 2189 carnem,

233 2210 343 2285 atque
366 2212 455 2284 eoa,
482 2190 542 2283 qui
563 2192 678 2263 camis
699 2187 877 2264 desideriis
900 2192 1045 2267 favent:
1072 2196 1297 2285 derelinque·

233 2309 293 2368 tur
314 2293 386 2366 sine
407 2289 519 2364 dubio
543 2288 576 2362 u
597 2283 780 2362 deseretur
804 2294 846 2364 ab
867 2294 947 2385 eia,
975 2295 1035 2383 qui
1059 2314 1136 2367 carn
1164 2293 1296 2368 favore

113 2403 118 2421 ‘
152 2391 155 2396 ’
235 2392 321 2472 suo,
347 2405 389 2465 ut
405 2389 539 2482 spiritui
554 2389 766 2482 jungeretur
789 2393 1009 2464 animabant:
1036 2391 1299 2468 &concedent

124 2571 128 2580 ,
234 2513 333 2578 earn,
358 2494 419 2563 vel
440 2490 583 2562 tradent
604 2485 781 2560 desideriis
805 2489 923 2562 cordia
946 2488 1020 2581 sui,
1047 2492 1174 2582 quibua
1202 2493 1301 2566 carni

126 2589 131 2598 ¹
234 2591 390 2666 sociatur
415 2589 447 2662 ba
469 2588 636 2660 adhaeret.
689 2583 822 2677 Neque
850 2590 944 2662 enim
971 2587 1199 2665 obsistentem
1220 2611 1299 2666 eam

132 2755 135 2760 .
234 2688 549 2780 ac‘reluclantem,
571 2686 614 2758 ad
633 2703 802 2778 ca,-quae
820 2686 953 2783 refugit
973 2708 1014 2760 ac
1037 2690 1168 2783 respuit
1189 2697 1299 2762 revo'·

229 2791 377 2875 cabant.
428 2786 538 2877 Cujus
563 2784 614 2856 rei
635 2785 844 2879 imaginem,
869 2785 894 2859 sl
920 2787 1036 2860 adhuc
1060 2790 1202 2859 videtur
1229 2791 1297 2862 ob·

234 2888 357 2979 scura,
384 2886 445 2958 tali
468 2884 616 2975 quadam
640 2881 757 2976 specie
781 2885 1056 2959 manifestiorem
1084 2879 1298 2978 planiorem·

234 3008 307 3081 que
330 2985 532 3059 reddemus.
587 2981 764 3062 Ponamus
792 2983 862 3056 effe
890 2986 1035 3076 aliquod
1062 2986 1298 3081 domicilium,

95 3150 98 3155 .
232 3088 271 3163 in
286 3105 362 3177 quo
377 3092 458 3157 'cum
476 3101 634 3176 corpore
649 3082 680 3153 {l
695 3080 816 3174 spiritu
835 3084 936 3155 velut
949 3103 1030 3157 curn
1046 3084 1188 3160 duobus
1209 3080 1314 3159 con·'

231 3186 365 3262 filiariis
381 3184 519 3257 habitet
540 3182 672 3266 animaa
700 3187 769 3273 pro
791 3180 931 3255 foribua
954 3203 1046 3256 vero
1065 3184 1167 3276 hujua
1184 3186 1297 3258 domi·

232 3287 305 3360 ciiii
327 3282 462 3360 adstare
490 3286 684 3376 pietatem,
711 3300 912 3372 omnesque
940 3301 1020 3356 cum
1052 3305 1094 3357 ea
1122 3286 1296 3355 virtutes:

94 3471 97 3475 Δ
230 3404 278 3461 ex
308 3385 381 3466 alia,
400 3402 493 3476 uero
517 3391 617 3477 parte
642 3380 883 3472 impietatem,
911 3401 1114 3473 omnesque
1137 3384 1295 3456 luxuria·

229 3503 311 3560 rum
323 3503 366 3557 ac
377 3482 560 3556 libidinum
577 3475 726 3569 formas,
746 3478 779 3550 ἃ
796 3476 997 3571 caspediare
1013 3479 1136 3554 animae
1150 3494 1294 3575 nutum,

231 3604 338 3675 quem
359 3603 403 3656 ex
424 3582 565 3653 duobus
588 3596 657 3668 pro
682 3576 821 3652 foribus
845 3578 1118 3653 observantibus
1140 3579 1292 3655 chorum

228 3682 412 3756 introduci
438 3675 539 3751 adse
565 3676 764 3766 desideret,
792 3697 905 3768 quern·
922 3678 1058 3772 repelli.
1109 3677 1294 3755 Nonnefi

225 3782 362 3876 spiritui
387 3770 641 3870 obtemperans
664 3774 697 3846 dc
723 3777 864 3848 meliori
887 3775 946 3850 uia
968 3775 1192 3871 consiliario,
1219 3778 1294 3870 pie·

207 3882 308 3964 ‚tatia
331 3880 366 3955 da
381 3878 562 3973 pudicitie
577 3875 620 3948 ad
636 3870 672 3947 se
690 3876 908 3950 evocaverit
924 3876 1183 4049 chorum,sille
1204 3878 1293 3953 aliua

293 4017 297 4038 ·
1113 3990 1239 4073 pretus
1327 4021 1329 4030 =
