2825 4559
109 322 111 325 ‘
223 332 306 407 260·
390 262 674 405 burburus
715 280 1189 430 comesturam

148 499 150 504 '
228 489 443 598 agnoscere,
471 486 637 581 quae'ista
661 490 702 563 sit
726 489 869 584 planta,
896 492 953 565 cul
979 489 1297 588 complantatielse

229 594 445 681 debeamus,
471 589 624 682 &cujus
641 591 781 687 generis
798 593 931 679 arbor,
952 594 1056 682 audi,
1076 592 1158 685 quid
1178 591 1222 666 de
1235 593 1297 684 'fa-

126 710 129 714 '
228 693 365 791 pientia
387 688 572 775 scribiturt
603 690 727 777 Arbor,
753 694 891 782 inquit,
911 687 996 761 'mite
1015 693 1055 790 ιβ
1073 599 1298 788 οηιηὶὸισῧῧ-

122 863 126 890 1
229 791 378 867 rantibus·
395 799 430 859 in
441 790 495 877 sa:
521 792 558 864 ss
571 792 801 887 quittassent
817 797 853 861 in
869 816 904 862 ea
918 807 1070 888 tanquam
1086 798 1123 861 in
1144 791 1296 881 Darlfitla.

110 953 116 963 ,
232 891 400 972 Christus,
416 909 504 985 ergo
528 890 600 963 Dei
624 891 770 983 virtut,
796 889 919 986 &Dei
936 890 1126 985 sapientia,
1153 891 1227 986 ipse
1246 890 1298 965 est

234 994 343 1066 arbor
360 991 466 1080 vitae,
493 991 807 1083 cuieomplamari
821 990 1014 1083 debemur,
1035 990 1071 1063 δι
1089 1011 1194 1063 novo
1210 1012 1301 1085 quo-

180 1091 188 1100 “
235 1082 440 1192 dematque
457 1088 596 1162 amabili
612 1088 681 1161 Dei
705 1089 807 1163 dono
829 1110 935 1163 more
956 1090 1049 1162 illius
1066 1092 1173 1163 nobis
1190 1094 1300 1163 arbor

91 1231 104 1278 ·,
127 1251 131 1256 .
234 1192 320 1265 vitae
331 1187 492 1262 efficitur.
517 1186 618 1282 Bene
635 1203 753 1261 autem
769 1189 969 1281 Apostolus
983 1187 1096 1263 sciens
1115 1191 1148 1263 se
1164 1192 1200 1263 ln
1217 1210 1303 1283 prm·

234 1291 325 1370 senti
338 1292 430 1390 loco
446 1308 523 1361 nun
541 1289 585 1384 de
603 1290 787 1363 cummuni
803 1284 951 1381 hac,sed
969 1291 1014 1363 de
1026 1292 1168 1382 peccati
1184 1305 1304 1363 morte

92 1402 96 1406 ’
160 1449 162 1454 ,
235 1389 407 1478 trabeate,
434 1408 509 1461 non
533 1388 641 1461 dixit:
675 1393 716 1459 Si
735 1395 820 1459 enim
840 1390 1046 1486 complantari
1059 1390 1167 1477 sumus
1191 1392 1303 1464 morti

196 1481 202 1492 ’
238 1492 338 1582 eius,
366 1486 443 1576 sed,
467 1488 798 1577 smilltutlinimorris
814 1494 894 1584 ejus.
919 1485 923 1496 “
949 1487 1107 1562 Christus
1134 1491 1230 1563 enim
1257 1493 1305 1564 ita

238 1590 345 1664 semel
361 1586 592 1662 mortuuaesl
609 1601 779 1682 peccato,
797 1607 838 1661 ut
880 1602 1043 1663 eccatum
1060 1592 1212 1663 omnino
1230 1610 1307 1663 non

236 1689 388 1777 fecerit,
415 1708 483 1772 nee
507 1688 613 1786 dolug
635 1692 808 1762 inventur
885 1683 931 1761 'in
960 1708 1025 1770 ore
1047 1689 1136 1781 eJ‘ua.
1190 1691 1304 1787 Quod

237 1791 276 1863 in
297 1788 366 1859 alio
382 1787 534 1860 bomine
560 1809 606 1861 ex
631 1791 774 1883 integro
794 1787 951 1861 inveniri
975 1789 1125 1862 omnino
1144 1805 1222 1862 nun
1241 1810 1307 1883 po·

201 1897 205 1904 “
241 1891 338 1962 terit.
364 1890 466 1958 Nemo
483 1887 577 1961 enim
595 1892 736 1958 mensur
752 1903 922 1984 apertast,
947 1888 1146 1984 messenius
1162 1890 1312 1983 sitisset·

240 1994 289 2059 rit
307 1993 380 2057 vim
399 1991 476 2082 ejus.
527 1987 668 2061 ldcirco
695 2006 785 2081 ergo
806 1986 879 2080 ipsa
904 1988 1046 2079 quidem
1071 2003 1215 2081 morte,
1243 1992 1313 2081 qu'a

242 2084 342 2184 Jesus
357 2100 522 2158 mortuus
538 2084 590 2159 est
607 2085 786 2180 peceato,
801 2101 844 2158 ut
859 2102 1048 2181 peccatum
1064 2090 1216 2162 omnino
1233 2108 1310 2164 non

244 2186 397 2278 fecerit,
424 2206 494 2260 noa
512 2204 590 2258 non
605 2184 924 2278 possumuambri,
949 2200 991 2260 ut
1010 2187 1161 2286 omnimo
1179 2187 1311 2262 nescia-

240 2308 319 2363 mus
347 2297 556 2380 peccatumt
591 2284 855 2360 similitudinem
878 2299 997 2361 tamen
1030 2287 1163 2359 habere
1190 2287 1340 2381 polim.

240 2384 341 2477 mus,
367 2402 408 2459 ut
423 2386 601 2459 imitantes
617 2405 712 2477 eum,
733 2383 932 2488 &vestigia
950 2388 1025 2477 ejus
1041 2385 1230 2478 sequentes
1250 2390 1309 2461 ab·

241 2484 433 2559 stineamus
449 2505 517 2558 noa
537 2499 738 2577 apeccatp.
787 2483 874 2557 Hoc
891 2473 942 2557 est
962 2505 1075 2582 erge,
1102 2487 1201 2577 quod
1219 2490 1308 2562 reci·

242 2583 329 2679 pere
353 2585 474 2677 potest
489 2585 641 2657 humana
658 2599 804 2675 natura,
822 2604 872 2675 ,ut
886 2588 921 2658 in
936 2584 1197 2659 similitudinem
1216 2608 1311 2660 mor·

121 2744 123 2748 ,
157 2744 164 2748 .
241 2684 288 2757 tis
307 2683 382 2775 ejus
398 2681 483 2775 liat,
511 2684 594 2757 dum
607 2685 720 2777 ipsum
737 2684 911 2758 imitando
926 2705 1003 2757 non
1020 2700 1160 2779 peccat.
1213 2685 1309 2761 Nam

109 2856 112 2864 ,
242 2788 395 2855 omnino
409 2806 454 2855 ex
468 2786 612 2880 integro
628 2783 764 2856 nescire
778 2782 1234 2878 peccatumsoliurclrristi
1246 2786 1308 2861 est.

241 2880 311 2954 Sed
329 2884 402 2954 hoc
420 2903 495 2954 nun
512 2883 753 2977 intelligentes
775 2884 915 2973 quidam
934 2884 1226 2975 Haereticorum,‚
1246 2906 1311 2957 co-

130 2992 134 3000 '
241 2983 318 3055 nari
337 2978 416 3052 sunt
435 3003 478 3053 ex
494 2981 567 3053 hoc
582 2980 752 3076 Apostoli
770 2984 859 3054 loco
879 2980 1048 3077 asserere,
1076 2984 1176 3074 quod
1202 2980 1311 3059 Chri-

128 3079 131 3089 “
219 3079 314 3157 ,ῆυε
338 3101 414 3154 non
437 3094 713 3153 veremurtuus
735 3081 799 3173 sit,
825 3079 884 3154 sed
901 3081 1163 3157 similitudinem
1180 3088 1308 3174 muttit

240 3180 430 3269 habuerit,
456 3178 489 3253 st
508 3177 602 3270 visus
619 3178 661 3253 sit
678 3183 788 3277 magis
801 3183 905 3266 mori,
917 3200 1021 3272 quam
1039 3200 1128 3254 vere
1141 3198 1306 3256 mortuus

103 3280 109 3289 '
239 3277 294 3354 fit.
347 3282 489 3377 Qui-bus
511 3277 729 3374 respendere
752 3281 921 3372 quoniam
940 3278 1111 3373 perfacile
1130 3281 1205 3370 est,
1230 3305 1306 3357 non

115 3407 117 3412 ¹
238 3373 601 3473 put0”necelsarittm‚
628 3401 672 3452 ex
689 3382 826 3453 ceteris
845 3383 904 3452 vel
921 3380 1092 3473 Apostoli
1109 3384 1170 3454 vel
1186 3379 1307 3456 Evan-

237 3480 416 3574 geliorum
437 3472 563 3569 distis,-
585 3479 647 3551 ubi
663 3478 865 3575 simpliciter
881 3490 978 3574 ‘mora
999 3482 1097 3573 ejus,
1122 3481 1304 3555 &notifi-

236 3579 406 3660 militudo
421 3581 548 3652 mortis
567 3576 753 3670 scribitur,
779 3579 1064 3654 testimoniorum
1084 3580 1229 3673 pondus
1245 3583 1304 3654 ad·

233 3674 382 3767 hibere,
410 3696 490 3751 cum
517 3677 684 3769 puffimus
711 3678 754 3751 ad
784 3700 848 3753 eoa
875 3678 1014 3751 dicere:
1048 3678 1084 3751 Si
1108 3679 1301 3755 similitudo

232 3777 361 3848 mortis
380 3775 470 3868 suit,
497 3775 530 3847 br
549 3796 626 3849 non
642 3796 729 3849 vera
745 3776 976 3871 resurreslm3
1001 3778 1033 3850 δι
1052 3799 1122 3860 nos
1141 3800 1229 3875 ergo
1247 3784 1302 3868 vj·

231 3872 393 3956 debimur
407 3875 613 3973 resurgere,
640 3876 762 3951 &trun
779 3897 869 3953 vere
885 3877 1123 3971 resurgemus:
1150 3880 1183 3951 uz
1200 3882 1310 3952 vider·

155 4015 175 4068 ·,
226 3973 346 4049 bimur
361 3980 455 4050 mori
468 3988 640 4073 peccato,
656 3975 690 4051 st
706 3996 784 4055 non
800 3998 889 4055 vere
905 3980 1113 4054 moriemur.
1127 3974 1176 4052 Et
1187 3994 1299 4056 omne

496 4138 507 4183 x
1137 4098 1242 4174 ergo,
