2825 4559
226 323 293 446 ’μ’
399 315 689 398 orreretur
729 315 1148 446 commoturum!
1197 335 1201 340 ·

312 485 346 575 52
377 487 443 556 Hit
467 484 590 580 quidem
608 487 665 581 qui
678 482 846 574 secundum
868 491 1061 583 patientium
1086 490 1159 559 boni
1182 495 1299 589 operirg

98 647 103 658 ,
233 588 377 684 glorium⁴
390 583 428 660 Θ
456 585 604 655 honorem
629 584 669 659 U
694 590 959 680 incorruptionem
986 602 1160 684 querunt,
1187 607 1299 664 urtone

236 703 410 759 aternum:
434 685 487 753 iris
505 702 609 755 nutem
627 687 684 780 qui
705 707 746 756 ex
762 694 983 774 contentione,
1009 688 1047 765 (Ἰ
1070 695 1126 786 qui
1143 688 1299 780 disjiciunt

110 781 115 790 ’
235 789 361 886 quidem
375 790 532 872 verituri,
554 784 769 878 obtemperent
785 793 1096 884 outendniquitoti,
1122 795 1173 860 ira
1187 788 1225 866 6
1244 797 1298 862 in·

236 890 397 980 dignatio:
421 886 464 970 ff
484 885 650 955 tributario
666 882 862 979 &tergestin
884 891 921 956 in
941 912 1061 960 omnen
1079 895 1219 962 unimam
1240 890 1298 960 in-

237 983 337 1057 'minr's
356 991 516 1080 operantis
537 985 672 1072 mosum,
700 981 812 1081 Juder
833 992 971 1080 primum
989 990 1027 1065 U
1053 993 1176 1061 Grati:
1197 992 1298 1086 gioria

237 1105 342 1160 aurem
364 1091 404 1160 s5
421 1085 519 1155 bonor
535 1085 573 1161 Θ
590 1103 658 1178 porr
673 1088 758 1154 omni
773 1092 919 1182 operanti
934 1087 1065 1178 bonum,
1094 1092 1210 1187 Jndaeu
1229 1096 1298 1186 pri·¹

213 1211 322 1261 ,mem
345 1185 384 1263 si
409 1187 526 1257 Graeeo.
579 1187 661 1256 Non
679 1190 763 1255 enim
781 1188 979 1280 personarum
1004 1196 1136 1282 acceptio
1157 1191 1195 1288 eft
1216 1191 1299 1285 apud

162 1351 165 1366 .
232 1291 356 1362 Deum.
408 1284 688 1382 Quaerentibus,
714 1285 855 1377 inquit,
882 1289 1030 1382 gloriam
1057 1291 1090 1360 u
1116 1292 1298 1364 honorem

140 1471 144 1476 ,
237 1389 272 1462 δι
296 1385 633 1476 incorruptionem,
659 1404 728 1479 pro
759 1386 847 1457 boni
873 1391 992 1479 operis
1019 1391 1191 1481 patientia
1222 1392 1298 1464 vita

237 1504 369 1561 aeternt
393 1483 555 1574 dabitur,
582 1502 658 1557 non
683 1482 797 1557 solum
824 1483 981 1580 Judaeis,
1008 1489 1134 1578 quibus
1160 1489 1297 1562 credita

235 1588 407 1660 videntur
422 1583 568 1674 eloquia
584 1581 677 1675 Dei,
693 1581 754 1654 sed
774 1584 879 1657 etiam
896 1584 1051 1680 Graeeis,
1071 1589 1151 1676 quia
1164 1588 1297 1679 justum

235 1685 287 1762 est
301 1686 373 1759 Dei
384 1681 576 1774 iudicium,
590 1681 623 1754 δι
638 1700 717 1754 non
733 1694 871 1756 tantum
888 1685 1092 1778 Judaeorum
1111 1688 1211 1758 Deus
1231 1687 1297 1779 est,

235 1783 353 1860 sed&
378 1780 561 1856 Gentium.
622 1779 690 1854 His
716 1801 809 1854 vero
838 1787 896 1874 qui
924 1805 988 1877 per
1018 1788 1310 1868 contentionem¹

162 1899 170 1928 ¹
233 1882 420 1970 mentis,&
436 1881 542 1954 animi
557 1881 772 1972 pravitatem
793 1889 938 1955 veritati
953 1904 1029 1957 non
1048 1886 1221 1975 credunt,
1235 1883 1296 1960 sed

232 1984 456 2074 iniquitatem
484 1978 698 2072 sequuntur,
734 1981 898 2054 reddrtur
929 1984 981 2054 ira
1011 1985 1043 2056 dr
1072 1985 1294 2079 indignatio,

233 2083 421 2156 tribulatio
443 2078 668 2176 &angustia‚
694 2099 771 2151 uon
787 2078 902 2154 solum
922 2081 1080 2175 Gentis,
1107 2081 1213 2156 sed&
1232 2086 1294 2179 Ju-

233 2186 333 2275 daeo,
359 2181 532 2271 quianon
549 2177 599 2251 est
614 2175 843 2271 personarum
861 2188 1028 2273 acceptio
1050 2185 1141 2273 apud
1159 2184 1292 2259 Deum.

232 2281 321 2357 Haec
339 2277 480 2372 quidem
496 2290 667 2369 quantum
685 2278 729 2348 ad
745 2275 947 2352 sermonum
965 2283 1127 2354 ordinem
1148 2281 1293 2375 speetat.

171 2393 174 2398 '
229 2379 302 2454 Sed
319 2397 415 2454 nunc
434 2396 513 2469 que
534 2375 578 2450 ad
591 2379 801 2452 interiorem
820 2376 955 2451 sensum
972 2381 1156 2471 pertinent
1176 2383 1296 2473 requi·-

147 4083 197 4152 ire

231 2498 360 2555 ramus.
415 2481 502 2559 His,
527 2477 668 2570 inquit,
694 2482 751 2574 qui
771 2498 827 2572 per
854 2482 1048 2574 patientiam
1079 2482 1151 2549 boni
1177 2490 1291 2574 operis.

231 2581 346 2677 Quod
371 2575 478 2669 dicit,
504 2581 696 2673 parientiam
717 2578 789 2645 boni
811 2581 930 2674 operis,
956 2577 1112 2651 ostendit
1130 2583 1317 2660 laborem.

230 2677 470 2771 quemdam&
490 2696 625 2772 agones
645 2677 829 2750 imminere
852 2679 927 2771 his,
955 2681 1014 2769 qui
1039 2682 1175 2753 bonum
1196 2703 1290 2774 opus

116 2825 121 2834 ·
228 2780 349 2852 facere
367 2778 510 2848 volunt.
563 2774 913 2872 Lniiamenesdenim
932 2778 1021 2850 srcut
1036 2780 1066 2847 ἃ
1082 2779 1174 2852 idem
1188 2780 1291 2872 Apo·

228 2877 340 2951 stolus
358 2877 465 2965 dicit,
491 2883 556 2944 iton
573 2874 721 2963 aduersus
739 2899 864 2944 carnem
883 2875 922 2950 6
942 2876 1143 2967 firrrgvinem,
1164 2880 1217 2966 sed
1236 2885 1292 2952 ad.

227 2980 336 3062 versor
357 2980 553 3071 principatur
576 2967 616 3048 (9⁴
628 2975 788 3069 potestates
813 2976 851 3046 U
879 2978 991 3043 mundi
1015 2977 1112 3070 hujus
1136 2975 1264 3049 tesseres
1273 3001 1289 3067 ς

100 3127 108 3142 ·
228 3095 307 3166 qun
332 3077 454 3148 omnia
474 3074 695 3168 bono-operi
713 3070 963 3160 adversantur:
991 3079 1024 3146 ἁ
1043 3076 1129 3149 ideo
1152 3070 1290 3171 p'atien·

226 3175 276 3250 tia
295 3171 486 3249 necessaria
502 3171 570 3265 est,
598 3174 679 3264 quie
697 3170 863 3263 scriptum
883 3171 951 3246 est:
982 3174 1023 3247 In
1039 3177 1142 3272 vestra
1159 3184 1288 3273 parien-

224 3283 275 3347 tia
296 3278 466 3372 nequiretis
491 3279 613 3342 unimus
640 3272 767 3363 vedrae.
817 3273 1012 3348 Videamus
1037 3289 1156 3350 autem
1186 3277 1285 3368 quod

224 3374 312 3447 dicit
327 3391 419 3466 opus
435 3373 583 3446 bonum.
618 3370 798 3444 Dominus
817 3373 853 3443 in
872 3370 1071 3469 Evangelio
1090 3375 1135 3447 de
1150 3396 1192 3449 ea
1209 3398 1286 3449 mu·
1304 3451 1306 3456 ,

222 3476 333 3563 litte,
360 3492 436 3563 quae
455 3470 663 3546 alabastrum
682 3474 853 3566 unguenti
872 3475 1015 3564 pretiosr
1034 3471 1162 3547 effudit
1180 3475 1284 3566 super

222 3586 332 3670 caput
352 3571 689 3664 ejunpronunciat:
717 3573 798 3659 quia
821 3592 893 3666 opus
915 3576 1025 3641 bonum
1046 3592 1171 3664 operata
1190 3577 1226 3673 est
1243 3584 1284 3651 in
1319 3611 1327 3634 ι

91 3701 98 3731 ι
219 3697 284 3756 me,
311 3656 495 3768 destgnana
511 3669 611 3760 quod
625 3669 819 3760 quiverbo
837 3669 906 3744 Dei
927 3686 1145 3768 unguentum
1163 3673 1296 3770 super·¹

217 3772 374 3858 fuderit,
400 3769 435 3842 id
458 3767 536 3860 est‚.
554 3771 613 3860 qui
633 3784 844 3858 operatum
863 3774 978 3843 verbo
995 3770 1199 3860 sociaverit,
1217 3777 1280 3850 ille

216 3889 310 3965 opus
339 3872 477 3943 bonum
503 3882 687 3958 operetur.
739 3863 924 3941 Odoratua
950 3891 1103 3962 namque
1123 3871 1278 3947 efficitur

209 3970 313 4044 omni
337 3981 606 4067 unguentorum
631 3961 807 4043 suavitate
830 3968 1016 4066 repletus,
1049 3971 1163 4045 sermo
1188 3991 1278 4052 curn

956 4099 987 4156 ,·
1018 4123 1021 4136 -
1111 4071 1225 4158 suerit¹
