2825 4559
185 307 269 405 'ro
294 324 467 406 orosa.
494 326 572 406 oo
598 322 831 432 romam
856 322 958 405 tta.
982 325 1084 407 νη.
1135 352 1206 430 329

133 493 262 565 vitutia
278 500 430 586 aguntur
445 488 482 561 in
502 489 653 580 timore,
682 486 879 580 dirorum,
898 490 957 583 qui
975 487 1098 584 spiritu
1111 487 1205 566 filio·

135 612 236 682 rum,
263 593 368 664 etiam
383 588 470 661 iilud
490 585 627 678 affumi,
646 587 743 681 quod
760 585 940 664 Abraham
958 590 1203 669 hereditatem

139 690 284 784 quidem
305 689 399 763 suam
421 686 520 764 dedit
542 684 658 778 Isaac,
684 684 765 760 filiis
793 708 886 763 vero
913 690 1116 765 ancillarum
1142 693 1205 766 vel

137 790 421 865 concubinarum
436 808 512 862 non
527 787 793 869 hareditatem,
814 785 872 860 sed
886 788 982 862 dona
998 788 1127 864 dicitur
1143 789 1206 864 da·

136 889 222 966 artie
240 891 300 962 vel
319 908 476 964 munera.
503 885 544 961 ln
561 906 634 979 quo
652 885 726 959 sone
742 886 854 962 dubio
871 887 944 960 hoc
961 888 1205 985 adumbratur,

137 990 235 1079 quod
258 1007 326 1063 nec
350 989 400 1059 illi
423 985 565 1078 quidem
588 988 731 1080 penitus
748 981 984 1080 spernuntur,
1011 990 1070 1080 qui
1088 990 1205 1066 adhuc

136 1090 176 1164 in
189 1094 321 1164 timore
344 1084 503 1161 serviunt
521 1085 625 1179 Deo,
652 1083 711 1159 sed
731 1084 810 1159 sunt
829 1086 897 1160 illis
916 1087 1035 1174 dona,
1062 1083 1143 1164 sunt
1168 1092 1204 1164 dt

136 1210 304 1282 munera,
330 1186 518 1262 haereditar
535 1200 678 1268 tamen,
693 1207 758 1277 per
775 1206 877 1278 quarn
894 1184 1036 1260 Christo
1054 1190 1207 1284 congio·
1300 1247 1303 1260 .

136 1285 345 1381 rideantur,
372 1305 498 1360 eorum
516 1284 577 1373 est,
594 1288 654 1378 qui
670 1285 877 1379 adoptionis
893 1283 1053 1381 spiritum
1068 1285 1207 1363 meren·

136 1399 198 1466 tur
215 1389 392 1481 accipere.
432 1384 526 1460 ¹Post
543 1386 617 1460 haec
631 1382 698 1480 jam
717 1406 762 1459 ex
779 1384 1083 1477 consequentibus
1098 1386 1207 1481 syllo-

134 1484 284 1584 gismum
299 1483 644 1579 nettitApostoiuo,
673 1485 708 1557 dc
733 1485 839 1559 dicit:
866 1483 903 1578 Si
919 1485 1077 1581 spiritum
1095 1485 1207 1582 adop·

137 1589 249 1663 tionis
266 1583 490 1680 accepimus
519 1605 605 1680 ergo
627 1580 691 1658 filii
715 1578 843 1662 sumus.
896 1580 1009 1686 Quod
1028 1585 1052 1660 fi
1069 1583 1132 1660 filii
1155 1586 1206 1660 su·

136 1707 238 1772 mur,
260 1686 333 1766 fine
346 1684 457 1759 dubio
473 1683 506 1757 dr
523 1684 693 1758 heredes.
745 1683 957 1762 Mercedem
970 1706 1124 1778 namque
1139 1681 1208 1760 ser·

140 1805 210 1858 vus
234 1783 434 1880 exsped’tat,
460 1783 704 1858 haereditatem
724 1781 818 1857 filius
837 1783 964 1878 sperat.
1015 1781 1205 1861 Etrursua

139 1884 235 1976 aliud
250 1883 608 1961 addit-conclusionis
625 1898 893 1978 argumentum:
922 1886 1067 1956 Haradu
1084 1890 1206 1983 quiam

138 1989 224 2074 Dei,
250 1986 416 2058 coheredes
429 2000 531 2054 aorem
552 1979 680 2080 christi.
715 1981 839 2063 Hares
858 1983 936 2075 quis
952 1983 1104 2059 efficitur
1120 1985 1206 2090 Dei,

140 2104 223 2158 cum
246 2105 322 2176 quat
346 2082 417 2157 Dei
441 2083 521 2158 suot
544 2100 702 2158 meretur
727 2084 913 2177 accipere,
938 2085 1063 2173 idest,
1089 2087 1209 2160 incur·
1308 2149 1311 2162 .

136 2186 320 2278 ruptionis
336 2183 659 2259 &immortalitatis
674 2184 846 2278 gioriam,
872 2179 1057 2260 thesauros
1073 2183 1209 2280 sapien·

136 2284 197 2360 ti'ae
210 2282 243 2356 u
257 2281 412 2360 scientia
425 2281 656 2362 reconditum
684 2285 845 2360 cohaeres
861 2302 954 2356 vero
972 2283 1207 2375 Christi,cuur

138 2383 387 2476 transformabit
418 2407 526 2476 corpus
551 2384 749 2453 humilitatis
774 2384 883 2478 oroflra
907 2383 1061 2475 conforme
1090 2390 1209 2484 corpori

137 2483 300 2557 claritatis
309 2484 390 2574 sua,
416 2483 475 2560 sed
493 2483 526 2558 dc
541 2503 622 2558 curn
638 2481 727 2556 iliud
743 2481 885 2576 adpisci
903 2485 1088 2577 meruerit,
1108 2485 1211 2578 quod·

139 2583 229 2656 dicit
245 2582 319 2678 ipse
337 2582 522 2657 Salvator:
557 2585 673 2667 Pater,
698 2584 787 2669 vodo,
813 2595 873 2675 ort,
900 2583 955 2651 abi
978 2608 1029 2677 ago
1050 2586 1139 2674 sum,
1166 2587 1207 2664 U

137 2683 191 2774 isti
212 2684 279 2779 fior
304 2707 428 2759 macor.
479 2681 541 2756 Est
558 2696 731 2775 praeterea
750 2681 784 2760 δι
802 2681 861 2758 iila
878 2682 1206 2780 dignitascohaere·

138 2783 223 2857 dum
242 2782 490 2874 Christi‚quod
507 2781 611 2858 Pater
628 2782 770 2874 quidem
784 2806 873 2854 omae
884 2785 1039 2879 judiciam
1054 2787 1208 2861 deditii.

136 2881 191 2959 iio.
216 2881 288 2956 Sed
305 2882 338 2956 da
355 2882 463 2956 Filius
482 2881 570 2955 dicit
587 2881 630 2956 ad
646 2881 852 2958 cohaeredes
866 2879 968 2959 suot:
994 2885 1148 2956 Sedebitis
1166 2885 1206 2966 (5
1235 2967 1237 2974 ,

137 3008 194 3053 vos
204 2984 295 3078 super
308 2984 458 3053 duodecim
475 2984 615 3068 atomos,
621 2986 800 3077 judicariam
815 2984 971 3054 duodecim
987 2985 1088 3058 tribus
1102 2987 1207 3074 Israel.

137 3079 188 3155 Et
210 3081 284 3156 boc
307 3084 419 3156 modo
443 3082 650 3158 cohaeredes
667 3082 749 3156 suus
767 3077 926 3156 Christus
948 3104 1023 3156 non
1041 3083 1153 3159 solum
1169 3087 1207 3166 in

140 3195 279 3278 partem
302 3182 539 3274 baercditatir‚
567 3179 623 3255 sed
642 3183 750 3259 etiam
764 3183 800 3255 in
818 3180 1040 3256 consortium
1056 3181 1210 3275 potesta·

140 3283 188 3355 tis
208 3281 361 3354 adducit.
413 3285 454 3354 Sr'
469 3300 594 3367 tomam,
619 3281 756 3373 inquit,
780 3287 1003 3376 compatimur,
1030 3300 1069 3355 ut
1084 3283 1123 3362 θ
1138 3310 1209 3357 aon.

137 3380 354 3476 gloriaremur.
383 3379 610 3474 compatitur
626 3378 782 3475 Christo,
792 3381 852 3473 qui
867 3379 972 3457 dicit:
1000 3383 1124 3480 Christo
1138 3411 1209 3462 corr·
1303 3431 1307 3440 -

138 3484 310 3571 crucifixas
326 3478 413 3575 [um3
438 3481 489 3552 &a
521 3484 607 3553 Vror
621 3498 752 3569 auram„
767 3482 836 3574 jam
851 3505 917 3553 mora
932 3501 999 3578 ago,
1024 3489 1116 3557 vivit
1132 3512 1208 3563 vara

145 3581 341 3679 Chrissucr'ro
360 3603 429 3654 mar
454 3579 488 3653 ἃ
512 3581 642 3655 iterum
667 3583 727 3672 qui
751 3581 859 3656 dicit:
894 3583 935 3652 Sr'
951 3592 1134 3656 commortui
1151 3591 1208 3678 [rt-

143 3706 236 3769 mao,
262 3681 301 3758 (5
319 3686 542 3754 convivemus:
562 3680 587 3775 fi
607 3682 850 3769 cantabamus,
876 3680 916 3762 Θ·
939 3679 1208 3781 conregnabimus.-

143 3784 328 3859 ueletiam
347 3782 407 3874 qui
427 3780 548 3855 dicere
563 3778 704 3875 potest,
724 3783 805 3873 quia
818 3784 899 3884 qaod
912 3783 1017 3860 daarat
1030 3784 1210 3882 poffoooma
1264 3787 1270 3806 ‘

150 3883 292 3981 christi,
319 3884 416 3980 raplao
434 3891 469 3951 in
484 3900 605 3978 corpora
620 3881 695 3955 maa.
746 3880 847 3955 Sicut
873 3896 992 3961 autem
1019 3884 1210 3976 Christum,

148 3985 232 4081 quia
257 3983 508 4062 humiliaverat
525 3981 561 4080 sa
578 3977 689 4159 Ιοὲἳὲυ
716 3979 856 4056 obediam
881 3982 976 4090 ascaro
1000 3987 1040 4062 od
1064 4008 1213 4094 mortem,

701 4098 722 4178 ς
1091 4111 1186 4163 root·
1264 4123 1267 4130 ·
