2825 4559
206 314 313 471 'raa
378 367 687 456 *onronms
727 370 1138 492 comp-emron
1187 391 1198 450 .-

235 534 389 629 Spiritns
411 535 634 630 operatione
649 533 803 611 formata
826 531 888 615 est.
934 535 1244 634 Propterea·ergo
1270 533 1321 612 &¹

235 634 439 731 Apostolus
458 635 505 709 de
522 635 722 709 mediatore
742 634 1166 733 differena,·evidentem
1186 635 1307 711 distin·

234 732 392 814 &ionem
407 735 560 832 signavit
578 734 722 809 dicens:
750 739 914 809 Mediator
933 742 996 808 Dei
1012 738 1050 814 dr
1068 739 1232 808 hominnm
1249 740 1305 809 ha

234 860 285 909 rna
309 838 452 933 Christus
467 836 601 931 tyrsus.-
637 855 711 927 quo
737 834 873 911 scilicet
897 831 1132 914 mediatorem
1157 858 1232 910 non
1259 837 1306 912 ad

233 937 404 1011 deitatem
421 934 573 1028 Christi,
596 934 656 1009 sed
679 934 721 1007 ad
741 937 1020 1030 humanitatem,
1048 959 1125 1026 quae
1150 937 1201 1012 eli
1223 938 1301 1030 ejua

232 1038 364 1126 anima,
381 1034 609 1110 referendum
626 1035 790 1113 doceret.
817 1037 1029 1133 Longitudo
1044 1058 1134 1134 ergo
1152 1042 1302 1131 ponitur

88 1128 94 1135 ’
232 1137 311 1229 ejus
330 1134 364 1210 dt
382 1136 549 1210 latitudo.
576 1136 788 1230 Longitudo
804 1137 891 1208 illud
907 1137 1094 1232 fignificat,
1103 1137 1207 1234 guod
1222 1152 1302 1209 ten·

88 1240 92 1260 ¹
231 1237 287 1311 dit
304 1237 347 1309 ad
365 1234 504 1340 Deum,
529 1234 565 1309 T
566 1237 774 1327 rinitatique
796 1234 971 1312 sociatur:
998 1237 1174 1328 latitudo,
1201 1236 1302 1328 quod

231 1338 328 1409 inter
343 1337 529 1428 homines,
548 1337 606 1425 qui
624 1337 730 1409 latam
748 1335 1005 1430 spatiosamque
1020 1340 1115 1430 viam
1130 1337 1303 1410 incedere

230 1432 365 1528 solent,
382 1432 637 1510 conversatur:
664 1436 696 1507 dr
713 1436 799 1509 ideo
816 1437 1022 1512 mediatoris
1039 1436 1135 1509 redte
1151 1439 1301 1510 nomine

229 1551 479 1629 nuncupatur,
506 1536 610 1626 quia,
627 1547 667 1606 ut
683 1536 856 1620 diximus,
872 1538 987 1611 anima
1008 1539 1082 1610 hec
1097 1535 1212 1610 sancta
1227 1558 1301 1609 me-

230 1635 288 1710 dia
308 1636 451 1734 quidem
472 1632 543 1708 fuit
565 1637 660 1726 inter
676 1635 902 1718 divinitatem
919 1636 1155 1710 Trinitatis&
1173 1636 1317 1730 fragili·.

229 1747 342 1809 tatem
360 1735 558 1809 humanam.
611 1733 699 1810 Haec
716 1756 804 1832 ergo
822 1737 971 1833 intelligi
991 1736 1110 1829 potest
1127 1737 1302 1828 propitia·

144 1879 148 1900 ε
227 1836 385 1922 torium,
412 1832 678 1924 secunduma,
699 1855 776 1926 que
790 1837 893 1929 supra
907 1837 1079 1926 diximus,
1107 1839 1163 1908 cui
1182 1835 1321 1929 supen·

226 1939 317 2032 poni
334 1935 502 2029 dicuntur
519 1931 594 2007 duo
610 1932 813 2024 Cherubin,
840 1955 949 2010 unum
967 1958 1012 2008 ex
1029 1939 1142 2013 latere
1158 1936 1243 2026 hoe,
1262 1936 1297 2012 dt

226 2055 338 2108 unum
362 2056 408 2107 ex
433 2036 553 2107 latere
565 2035 694 2110 altero.
748 2032 859 2129 Cujus
876 2056 961 2126 ergo
979 2036 1129 2110 sormam
1146 2036 1219 2110 duo
1234 2032 1299 2109 illa

225 2132 414 2212 Cherubin
436 2133 571 2208 habere
589 2132 817 2207 existimanda
837 2132 942 2210 suntl
994 2136 1175 2209 Cherubin
1201 2136 1299 2210 eninr

101 2249 111 2278 ¹'
223 2238 261 2314 ln
280 2233 435 2309 nostram
450 2234 603 2329 linguam
618 2236 893 2327 interpretatum
914 2237 1169 2326 plenitudinem
1185 2232 1297 2320 scien·

223 2337 354 2409 tiarum
380 2330 561 2428 significat.
622 2334 817 2429 Ubi'ergo
852 2337 1000 2410 dicimus
1034 2335 1296 2428 plenitudinem

221 2432 471 2525 scientiarum,
498 2434 561 2508 nist
579 2433 616 2507 in
635 2455 705 2526 eo,
732 2434 869 2526 dequo
895 2436 983 2508 dicit
1003 2433 1224 2527 Apostolusr
1252 2437 1295 2506 la

245 2542 384 2623 uolunt
407 2558 509 2605 omnes
532 2534 675 2630 lsrafirrrrr'
695 2536 856 2632 sapientia
876 2535 914 2611 (5
929 2538 1072 2625 scientia
1096 2530 1295 2621 absconditi?

121 2685 124 2692 ,
263 2636 428 2711 eVerbo
447 2634 573 2725 utique
589 2633 659 2706 Dei
676 2635 751 2707 hat
770 2635 858 2708 ditit
874 2635 1085 2729 Apostolus.
1112 2634 1181 2708 Sed
1198 2636 1231 2708 u
1247 2635 1294 2709 de

220 2734 357 2829 Spiritu
377 2732 496 2806 sanilo
516 2734 635 2808 similia
657 2733 798 2826 scribit,
826 2754 906 2810 cum
928 2737 1034 2810 dicit:
1061 2738 1165 2809 Nolis
1185 2750 1294 2808 aurem

220 2838 382 2908 revelavit
407 2838 496 2907 Deus
517 2854 572 2928 prr
598 2833 757 2928 Spiritum
775 2836 891 2923 suum:
918 2840 1065 2931 Spiritus
1085 2841 1293 2915 enimomnia

115 2960 118 2966 ⁴
212 2935 404 3027 scrutatur,
430 2943 525 3002 eriam
541 2933 609 3030 aira
633 2939 728 3008 Dea·
760 2933 991 3031 significatur
1010 2938 1136 3034 igitur,
1161 2949 1202 3009 ut
1220 2955 1293 3032 ego

177 3106 180 3113 .
219 3036 399 3120 arbitror,
426 3034 463 3106 in
479 3030 547 3106 illo
563 3034 845 3126 propitiatorio,
872 3034 947 3108 hoc
962 3034 1026 3127 est,
1045 3039 1082 3109 in
1100 3038 1217 3110 anima
1233 3037 1294 3130 Je·

218 3133 278 3223 su,
306 3133 469 3207 Verbum
491 3132 582 3214 Del,
611 3137 670 3224 qui
684 3133 736 3208 est
752 3137 959 3231 unigenitus
975 3134 1106 3226 Filius,
1133 3136 1288 3230 &Spiri-

216 3248 301 3318 tum,
311 3232 388 3331 ejus
408 3232 560 3307 saeuum
581 3230 718 3326 semper
732 3236 915 3308 habitare:
943 3235 976 3307 u
997 3236 1070 3308 hoc
1089 3235 1163 3329 est,
1177 3234 1292 3326 nunti

216 3335 380 3409 indicant
399 3334 472 3407 duo
490 3331 675 3406 Cherubin
693 3336 951 3429 propitiatorio
972 3335 1200 3428 superposita.
1219 3334 1291 3408 Sed

215 3433 253 3510 dr
268 3435 359 3508 illud
377 3432 547 3523 observa,
571 3434 669 3523 quod
684 3455 760 3506 non
779 3435 889 3514 dixit:
918 3434 1100 3510 Cherubin
1115 3456 1226 3512 rmum
1242 3444 1295 3510 ex.

215 3535 330 3608 latere
346 3538 498 3623 dextro,
525 3532 560 3605 bt
587 3534 769 3608 Cherubin
799 3535 893 3607 aliud
918 3557 962 3607 ex
988 3534 1102 3609 latere
1127 3534 1288 3623 srnlstrm

216 3633 277 3710 sed
299 3637 367 3706 ait:
397 3632 673 3704 cherubinorum
687 3659 728 3706 err
742 3637 843 3706 intere
857 3637 932 3722 hoc,
958 3635 996 3710 U
1018 3639 1181 3706 Cherubin
1195 3638 1286 3708 aliud

210 3760 254 3808 rx
276 3738 375 3805 latera
394 3735 511 3814 altera:
538 3748 578 3805 ut
604 3731 831 3828 ostenderet,
859 3738 895 3809 in
922 3737 985 3807 illo
1013 3737 1286 3828 propitiatorio,

211 3834 288 3913 hoc
304 3833 373 3924 est,
400 3836 436 3907 in
457 3832 570 3926 anima
586 3831 733 3923 Christi,
763 3834 935 3909 srnistrum
953 3837 1040 3908 nihil
1058 3834 1168 3909 fuiffe.
1194 3833 1288 3908 Sunt

211 3950 335 4007 autem
354 3934 559 4027 &pennata
578 3934 652 4008 duo
675 3934 754 4008 hee
773 3932 979 4009 Cherubin:
1006 3935 1040 4007 u
1066 3956 1142 4008 non
1170 3934 1287 4009 solum

183 4034 370 4127 pennata,
390 4031 455 4108 seri
470 4036 505 4108 tlt
522 4037 597 4112 alae
612 4033 698 4112 suas.
711 4036 917 4142 pandentia.
939 4034 978 4115 si
995 4036 1072 4127 quia
1086 4035 1286 4205 santxiorurn

607 4191 610 4197 .
865 4179 868 4184 .
1165 4154 1241 4204 nm.
