2825 4559
255 297 354 375 128‘
407 285 696 372 ORIGENIS
738 291 1143 378 coMMuNrAu.
1185 285 1187 289 ’

253 477 354 533 vere.
406 454 494 530 Haet
510 473 598 555 ergo
612 457 797 532 iuvenitur
819 453 919 532 Deui
944 462 1180 535 communiter
1195 460 1311 535 omni·

253 562 319 632 but
337 558 539 631 bominibus
553 554 756 649 prestitisse.
807 556 878 631 Sed
900 559 925 632 st
945 559 998 633 hit
1019 563 1308 653 acceptiebomo

251 658 449 752 neglexerit
464 657 692 728 iteruirtutir
705 658 887 748 incedere,
905 660 960 731 cui
979 680 1023 731 ex
1040 658 1124 732 Deo
1142 660 1229 733 nibil
1245 662 1308 733 de·

108 825 111 838 .
250 756 342 849 suit,
367 756 550 828 invenitur
564 751 638 852 ipse
655 754 800 832 desulsse
815 758 876 847 iia,
899 777 975 850 que
992 780 1012 829 a
1028 757 1111 834 Deo
1130 758 1209 832 data
1225 759 1306 833 sunt

251 858 326 933 sibi.
363 854 502 927 Merito
517 871 605 949 ergo
621 854 749 929 dicitur
764 860 800 929 in
813 858 873 928 tali
885 853 1021 953 judicio
1036 856 1137 930 Deus
1156 861 1304 932 vincere

251 951 474 1047 &justificati
486 955 524 1026 in
540 954 660 1028 verbis
675 951 753 1029 suit.
780 954 868 1030 Haet
885 971 973 1051 ergo
989 958 1048 1029 lex
1066 960 1233 1029 naturalis
1249 961 1303 1029 lo-

250 1059 370 1148 quitur
386 1052 574 1146 omnibus,
594 1055 653 1146 qui
670 1055 707 1128 ln
724 1058 802 1151 lege
816 1053 916 1128 suut:
942 1074 987 1129 ex
999 1057 1098 1148 eujus
1115 1060 1301 1148 preceptio

249 1156 314 1229 soli
327 1156 411 1228 mibi
426 1155 597 1226 immutet
613 1149 691 1226 lieri
706 1154 874 1228 videntur
890 1153 1057 1244 infantes,
1069 1157 1193 1247 quibus
1207 1177 1301 1229 non·

249 1256 332 1328 dum
357 1251 445 1326 inest
470 1253 574 1343 pravi
590 1253 748 1344 testique
760 1252 943 1344 judicium.
993 1253 1061 1326 Sed
1078 1256 1132 1326 his
1150 1254 1174 1327 fi
1193 1258 1300 1330 etiam

134 1383 138 1405 ·
246 1356 297 1428 illi
314 1351 467 1426 sociandi
483 1349 865 1444 nonnullorumque
880 1372 924 1424 ex
940 1350 1040 1426 causa
1054 1354 1206 1444 impotes
1221 1352 1301 1427 sunt

247 1454 398 1544 mentis,
427 1450 561 1522 videto.
612 1447 782 1544 Exc'eptlr
799 1467 892 1525 vero
906 1451 958 1523 hia
981 1452 1097 1547 nullus
1113 1453 1299 1527 hominum

245 1555 331 1631 mibi
346 1547 504 1645 effug-ere
518 1549 660 1640 videtur
674 1551 767 1623 banc
780 1552 905 1645 legem.
922 1546 1231 1625 -Consrderandum
1247 1551 1299 1626 est

246 1669 387 1744 autem,
411 1671 457 1723 ne
472 1649 570 1724 forte
582 1669 659 1722 nou
672 1644 783 1724 solum
801 1648 977 1728 homines,
991 1647 1051 1722 sed
1069 1649 1102 1721 du
1119 1650 1297 1744 Angelos,

247 1755 459 1837 brotonam,
486 1765 716 1839 quocumque
727 1750 786 1821 illa
801 1746 873 1840 est,
895 1749 1140 1821 rationabilem
1158 1767 1296 1822 creatu·

245 1872 320 1924 ram
338 1852 395 1921 lex
417 1848 477 1920 ista
495 1847 722 1944 constringit.
764 1845 801 1919 si
819 1849 911 1919 enim
927 1844 1054 1920 rediea
1072 1848 1297 1938 sapientibus

245 1945 518 2040 nenbrunnen,
543 1949 657 2043 legem
676 1944 768 2037 else,
794 1965 878 2037 quae-
896 1943 1005 2018 distet
1032 1947 1129 2035 quod
1154 1951 1206 2042 agi
1232 1950 1295 2022 de·

243 2052 348 2141 beat,
375 2048 407 2117 da
428 2046 524 2136 quod
543 2050 598 2142 agi
617 2067 692 2123 non
711 2047 841 2118 debeat
856 2057 980 2133 vetet,
1006 2046 1190 2133 quomodo
1214 2069 1293 2123 nort

245 2145 446 2242 hujusmodi
463 2147 522 2218 lex
540 2147 645 2220 etiam
669 2143 828 2239 supernis
850 2143 1094 2222 &celestibus
1111 2146 1297 2220 ordinibus

214 2313 215 2322 i
246 2248 374 2322 inserta
397 2243 596 2334 videbitut;
622 2245 748 2336 quibus
773 2244 896 2333 utique
915 2242 948 2314 dr
964 2241 1172 2315 observandi
1198 2247 1297 2336 quid·

243 2349 347 2438 dam,
374 2341 407 2415 dt
428 2343 591 2434 quiddam
609 2344 760 2417 cavendi
778 2337 955 2433 disciplina
970 2339 1046 2413 esti
1087 2340 1134 2413 Et
1148 2344 1208 2416 nist
1226 2345 1294 2418 hac

240 2448 321 2543 lege
338 2458 567 2537 tenerentur,
584 2462 764 2533 nunquam
782 2441 827 2514 de
841 2443 890 2513 eis
906 2441 1041 2512 diceret
1050 2440 1231 2533 Scriptura
1245 2446 1295 2517 di·

240 2549 345 2619 vina:
370 2545 502 2636 Angelos
518 2548 575 2639 qui
590 2567 656 2614 non
663 2542 881 2630 servaverunt
895 2545 1107 2636 principatum
1120 2543 1220 2628 fuum,
1237 2544 1292 2632 sad

239 2645 473 2742 dereliquerunt
483 2647 643 2740 proprium
657 2644 858 2724 domicilium,
869 2644 955 2712 Deus
967 2643 1007 2711 ad
1018 2641 1171 2734 judiciuin
1185 2647 1292 2735 magns

232 2741 302 2819 'diei
316 2739 593 2818 oremuva'nrulis
612 2748 648 2814 r‘n
663 2758 787 2813 tartaro
801 2739 974 2835 conssrifior
980 2740 1040 2826 sub
1053 2742 1181 2831 caligine
1199 2744 1291 2829 refer·

238 2849 348 2918 uouit.
373 2835 481 2914 Unde
499 2836 637 2916 constat
651 2838 760 2914 inesse
775 2840 826 2910 eia
844 2842 975 2933 legem:
1001 2857 1069 2927 qua
1083 2858 1157 2911 non
1171 2841 1290 2914 obser·

93 2937 96 2946 '
239 2956 324 3015 vata
340 2939 420 3032 passu
436 2940 515 3013 sunt
531 2942 709 3032 harumque
721 2937 876 3029 superius
894 2938 1071 3030 Scriptura
1088 2937 1210 3011 testata
1227 2941 1288 3018 est.

242 3042 313 3113 Sed
331 3038 504 3114 &Paulus
524 3059 607 3112 cum
620 3037 723 3110 dicit:
750 3041 804 3108 An
823 3039 968 3123 nesciris,
994 3043 1070 3133 quio
1089 3041 1219 3131 Angelos
1228 3046 1287 3134 ju·

239 3125 433 3212 dicabimus?
464 3138 548 3230 quid
574 3137 665 3209 aliud
688 3135 751 3208 nisu
773 3131 835 3211 sub
863 3138 941 3231 lege
967 3135 1028 3207 scit
1051 3134 1121 3209 else
1152 3140 1287 3228 positos

240 3261 327 3334 eoa,
354 3257 444 3331 quos
463 3238 678 3333 pronunciat
696 3235 738 3309 ad
749 3235 919 3328 judicium
935 3235 1192 3324 deducendos?
1216 3238 1294 3320 Sed¹

236 3339 364 3431 nquit
388 3338 493 3409 nobis
518 3349 683 3409 occurrat
705 3353 752 3406 en
773 3355 843 3424 eo,
878 3335 975 3425 quod
999 3333 1100 3429 supra
1124 3337 1286 3425 diximus,

237 3439 358 3513 Deum
374 3435 443 3509 elle
464 3457 543 3509 cum
562 3437 764 3512 hominibus
783 3433 1034 3526 judicandum,
1061 3434 1153 3526 quast
1178 3439 1285 3512 etiam

236 3537 348 3634 ipsum
365 3536 483 3624 dicere
496 3534 678 3608 videamur
695 3529 765 3605 esl'e
783 3531 961 3627 sublege,
985 3536 1078 3625 audi,
1095 3552 1222 3623 quanta
1239 3539 1285 3609 de

237 3637 309 3711 hoc
325 3637 461 3708 cautela
473 3636 510 3707 in
528 3632 691 3728 Apostoli
707 3632 817 3704 literis
834 3633 1028 3724 iuvenitur,
1040 3634 1097 3722 qui
1109 3631 1282 3710 Christum

236 3753 313 3812 non
329 3737 366 3807 in
382 3731 564 3829 tegerse,
590 3728 648 3806 sed
664 3731 923 3824 plenitudinem
936 3730 1004 3803 else
1026 3734 1109 3825 legis
1128 3753 1284 3808 comme·

237 3846 372 3910 morat:
405 3834 438 3905 dr
460 3833 546 3906 srcut
569 3830 641 3923 ipse
666 3829 716 3902 est
736 3827 885 3923 justitia,
912 3849 957 3903 ex
977 3850 1044 3920 qua
1060 3849 1185 3940 omnen
1200 3832 1282 3924 justi

238 3932 357 4040 fiunti
377 3929 499 4028 &ipse
515 3929 567 4007 est
587 3931 739 4023 veritas,
764 3949 809 4005 ex
831 3950 900 4024 qua
920 3949 1045 4006 omnes
1067 3932 1104 4006 iu
1126 3933 1283 4008 veritate

1145 4049 1231 4106 con·
