2825 4559
221 348 275 450 ..⁹²
357 286 1123 416 soRl‘GEnslsz-COMMENTAR»

223 486 393 582 scriptum
420 487 472 568 est
493 491 530 561 in
553 484 713 580 Epistola
736 488 850 562 Petri:
882 494 976 584 Quia
1000 492 1147 585 redempti
1167 486 1286 565 sumus

203 581 290 658 'nnn
309 590 505 681 corruptibili
517 594 620 683 pretio
635 590 761 681 argenti
777 589 816 667 (Ἰ
830 598 926 672 ouri,
947 591 1001 675 sed
1017 588 1148 685 pretiose
1160 591 1287 684 sangui·

160 767 164 780 Ι
223 712 274 786 ne
288 677 512 782 Un'igeniti..
540 684 574 757 Si
597 707 686 783 ergo
707 697 810 785 pretio
830 694 925 783 empti
947 690 1096 782 sumus,⁸
1119 704 1160 760 ut
1180 691 1289 766 etiam

223 785 352 859 Paulus
373 785 622 879 adstipulatur,
649 787 838 882 abaliquo
864 791 935 863 sine
962 790 1073 862 dubio
1097 791 1208 881 empti
1234 787 1295 860 su·¹

222 907 323 976 mus,
356 888 455 977 cujus
479 907 618 960 eramus
641 885 759 980 servi,
792 892 851 981 qui
878 891 911 961 dc
938 891 1092 981 pretium
1115 885 1288 982 poposcit

224 986 323 1075 quod
343 988 486 1077 voluit,
514 1001 554 1058 ut
577 987 622 1060 de
645 987 825 1079 potestate
847 988 1045 1061 dimitteret
1070 1007 1168 1076 quos,
1185 1000 1313 1074 tene-s

223 1084 297 1158 bnt.
336 1083 503 1176 Tenebat
519 1099 637 1159 autem
656 1109 724 1160 nos
745 1089 942 1179 Diabolus,
969 1090 1025 1160 cui
1041 1084 1190 1178 distradtj
1206 1086 1287 1160 fue·

222 1203 340 1279 ramus
363 1187 521 1275 peccetis
540 1184 680 1260 nostris.
737 1186 909 1280 Poposcit
933 1207 1019 1283 ergo
1043 1188 1197 1279 pretium
1218 1204 1289 1258 no·

221 1280 331 1358 strum
350 1283 549 1382 sanguinem
565 1283 704 1358 Christi.
755 1289 895 1363 Verum
912 1287 1032 1377 donec
1048 1287 1129 1381 Jesu
1147 1285 1287 1380 sanguis

178 1415 181 1424 ¹
220 1381 390 1470 daretur,
419 1387 477 1475 qui
495 1400 566 1455 tam
582 1386 759 1476 pretiosus
778 1387 860 1477 fuit,
877 1402 917 1458 ut
932 1385 1026 1458 solus
1043 1405 1111 1479 pro
1126 1387 1293 1460 omnium-

220 1484 474 1575 redemptione
490 1481 685 1577 sufficeret,
712 1485 940 1559 necessarium
957 1483 1027 1559 fuit
1045 1506 1132 1566 eos,
1154 1484 1214 1575 qui
1233 1485 1288 1557 in·

102 1663 105 1670 ,
221 1578 458 1656 stituehantur
475 1586 512 1656 in
528 1585 630 1679 lege,
656 1605 947 1676 unumquemque
965 1585 1103 1677 prose,
1122 1586 1225 1664 velut
1240 1584 1297 1656 ad-

220 1682 458 1772 imitctionem
481 1686 665 1775 quamdam
686 1683 815 1757 futurae
835 1686 1114 1779 redemptionis,
1148 1681 1286 1775 sangui·

97 1841 100 1846 «
221 1802 304 1860 nem
323 1781 419 1855 sunm
436 1784 543 1870 dare3
570 1784 816 1877 &propterea
831 1806 920 1870 noc,
947 1805 1015 1878 pro
1036 1787 1162 1874 quinus
1185 1802 1286 1857 cotu-

101 1873 107 1892 ¹
219 1884 357 1976 pletum
374 1882 425 1956 est
439 1886 590 1976 pretium
608 1875 785 1978 sanguinis
800 1882 948 1971 Christi,
976 1904 1050 1956 non
1072 1879 1210 1955 neccsse
1227 1881 1294 1955 ha·.

220 1982 369 2074 bemus,
395 2003 464 2076 pro
485 1983 591 2056 nobie
614 1983 702 2074 ipses.
718 1987 893 2076 preti-um,
920 1986 956 2056 id
981 1982 1052 2072 est,
1079 1982 1285 2076 sanguinem

222 2081 502 2155 circumcifionis
519 2079 664 2158 offerre.
704 2082 738 2154 Si
758 2077 849 2155 v'ero
866 2085 1043 2177 culpabile
1061 2083 1168 2155 vobis
1187 2080 1289 2160 uide·¹

221 2194 300 2274 tur,
328 2181 427 2271 quod
456 2181 553 2254 Deus
573 2186 660 2278 legis
685 2183 808 2256 inferri
825 2185 928 2275 jubet
947 2182 1142 2254 infantibus
1160 2181 1287 2252 vulne·

219 2297 281 2372 re,
309 2277 562 2375 &sanguinem
578 2281 699 2356 fundi:
726 2283 798 2355 hoc
815 2283 922 2355 etiam
939 2286 976 2353 in
992 2280 1133 2354 Christo
1152 2277 1296 2380 sodium„-

221 2380 393 2471 cquatis,
422 2383 481 2470 qui
498 2382 531 2452 de
546 2380 675 2478 osiana
691 2382 750 2454 die
770 2380 995 2456 circumcisus
1011 2381 1081 2470 est,
1101 2379 1140 2452 '&
1156 2380 1284 2455 vulne·

221 2498 261 2552 ra
285 2479 449 2575 pusionis
463 2483 639 2574 excepit,
666 2481 798 2554 &cum
816 2483 932 2553 crucis
952 2488 1055 2574 poena
1078 2478 1287 2573 sanguinem·

134 2675 136 2680 Ι
220 2577 320 2655 suum
337 2579 441 2653 fudit„
493 2581 605 2676 Quod
623 2600 715 2653 vero
733 2581 1011 2654 circumcifionis
1028 2582 1182 2654 horrore
1199 2575 1285 2648 diffi-

221 2680 300 2754 cilis
318 2681 427 2751 vobis
443 2678 486 2755 ad
504 2683 714 2774 religionem
732 2682 897 2752 videatur
915 2678 1085 2767 accessus,
1104 2675 1284 2750 difficilior

220 2782 338 2853 multo
356 2771 501 2852 uidetur
518 2778 686 2873 ingressus
701 2780 744 2859 ad
759 2778 1017 2875 Evangelium,
1044 2778 1103 2849 ubi
1120 2796 1194 2867 non
1208 2795 1289 2867 par-e

220 2889 296 2956 tem
315 2880 477 2973 exiguam
497 2880 663 2971 corporis
676 2931 702 2972 ,ι
717 2878 774 2951 sed
788 2877 894 2970 ipsam
910 2880 988 2969 quis
1005 2879 1154 2950 animam
1171 2895 1285 2969 pone·

219 2997 260 3056 te
271 2977 431 3069 jubetur.
474 2973 542 3049 Sed
560 2982 723 3069 exempla
738 2979 962 3070 Martyrum,
988 2975 1182 3050 secundum
1196 2994 1283 3068 voc,

220 3077 469 3172 prohibebunt
487 3077 652 3150 homines
671 3076 843 3149 accedere
860 3077 902 3147 ad
919 3073 1036 3148 fidem.
1074 3073 1136 3146 An
1151 3094 1198 3147 eo
1210 3094 1291 3146 maa

219 3180 273 3274 gis
292 3177 451 3249 creditur
466 3172 566 3270 firma
581 3177 728 3271 religio,
755 3175 957 3266 quodmihii
972 3173 1166 3264 remissum,
1193 3170 1282 3245 nihil

219 3278 414 3350 delicatum
431 3278 624 3368 pollicetur
639 3288 700 3348 aut
714 3274 850 3348 molle?
878 3274 989 3371 Quod
1006 3274 1037 3345 de
1052 3274 1077 3346 fi
1092 3274 1177 3346 nihil
1187 3270 1282 3350 aliud

216 3373 427 3452 sacramenti
443 3372 638 3470 figuraliter
657 3374 880 3448 circumcisio
898 3387 1058 3464 teneret,
1087 3373 1170 3464 quid
1195 3369 1284 3444 esset

220 3474 380 3569 absurdi,
406 3474 431 3549 ss
446 3476 489 3548 ad
507 3474 756 3547 discretionem
774 3488 979 3546 caeterarum
994 3477 1151 3569 gentium
1166 3491 1280 3563 popu·

218 3576 372 3666 lus‚iqui
389 3573 451 3649 sub
468 3574 546 3670 iege
561 3571 630 3647 Dei
647 3571 918 3663 instituebatur,
936 3576 1120 3664 proprium
1135 3568 1281 3660 aliquod

219 3674 373 3771 gestaret
388 3671 551 3768 insegnec
578 3673 653 3748 &si
675 3670 868 3746 necessaria
884 3672 958 3744 visa
973 3673 1022 3745 est
1045 3673 1153 3762 partis
1172 3670 1282 3741 alicu·

151 3843 155 3850 .
215 3778 273 3872 jue
293 3774 510 3868 amputatio,
537 3772 621 3864 quid
642 3789 713 3847 tam
735 3773 962 3847 conveniens
980 3772 1060 3863 suit,
1080 3790 1184 3862 quam
1201 3788 1281 3841 eam

157 3903 160 3908 ·
217 3878 405 3966 invenire,
438 3894 515 3965 quae
537 3873 729 3947 videbatur
756 3870 942 3964 obscoena,
980 3870 1092 3943 &iiia
1118 3869 1279 3958 auferre,

221 3994 373 4078 quorum
391 3974 580 4056 diminutio
600 3973 688 4052 nihil
709 3973 752 4050 ad
773 3971 930 4052 officium
948 3974 1113 4067 corporis
1133 3965 1282 4144 immedi-

150 4137 197 4159 -ι
