2825 4559
175 366 177 383 .
305 304 369 384 ru
394 302 571 399 urrsr.
596 301 687 381 An
704 298 934 381 noman.
958 246 1061 385 rm.
1085 301 1132 382 rr.
1183 322 1256 405 503
1284 347 1298 378 e

137 522 145 549 ,
183 417 247 542 uel
263 469 414 562 iterum,
436 488 518 543 curu
536 466 773 561 peccatricem
788 467 974 543 mulierem
988 484 1064 540 non
1079 462 1253 559 prohibe-j

137 582 144 647 ἱ
181 570 246 642 bat
273 571 483 665 contingere
508 567 616 659 pedes
639 558 756 657 ruer,
770 565 811 643 tr
832 567 999 657 lacrymie
1021 564 1089 638 suis
1111 565 1249 659 rigere,

137 702 143 747 ,r
179 671 244 741 vel
260 669 395 762 capillis
411 670 624 762 detergere,
648 685 690 739 ac
710 665 852 759 myrrho
871 682 1093 761 perungere3
1120 664 1154 735 dt
1179 658 1249 755 pr'o

176 766 255 843 boc
276 771 565 861 improperantes
590 764 624 839 dr
646 767 910 860 exprobrantes
927 764 1041 865 Judaei
1064 763 1248 853 dicebant,

176 869 260 959 quia
269 869 301 961 st
319 872 373 937 iric
393 868 547 964 Propheta
565 865 657 957 effer,
676 866 775 955 sciret
788 870 916 963 titique,
942 889 1010 961 qtrae
1028 863 1066 939 Θ
1084 866 1187 958 qualis
1203 862 1246 959 eft

173 968 313 1051 mutter,
337 992 403 1063 quc
420 973 526 1060 tangit
544 991 630 1051 cum,
655 971 732 1067 puio
748 970 904 1059 peccatrix
921 965 982 1059 efl.¹
1025 963 1138 1063 Quod
1152 960 1176 1037 li
1190 981 1247 1035 to·

171 1067 313 1156 quires,
338 1087 402 1140 cur
416 1067 639 1160 exemplum,
666 1064 764 1161 quod
780 1064 825 1141 de
839 1062 976 1138 Psalmo
990 1063 1164 1155 protulit,
1191 1062 1242 1135 ita

169 1166 326 1254 habeat,
352 1166 446 1258 quali
461 1163 701 1259 improperia,
729 1185 807 1256 quae
827 1166 1119 1255 improperentur
1139 1160 1241 1253 Deo,
1261 1256 1263 1261 Ι
1326 1164 1333 1181 ’

171 1265 373 1337 ceciderint
394 1265 497 1358 super
520 1262 719 1349 Clrristuurt
744 1265 794 1339 ita
818 1261 1001 1357 pollumue
1027 1262 1242 1355 explanare:

170 1365 257 1456 quia
275 1363 364 1437 ficut
384 1366 494 1437 dixitc
528 1369 601 1456 Qui
621 1367 817 1462 mercipit,
845 1367 957 1457 recipit
971 1386 1060 1445 eum,
1086 1364 1142 1457 qui
1159 1356 1242 1451 misti

169 1489 236 1549 me,
262 1463 312 1537 ita
330 1463 363 1538 dr
378 1465 451 1543 hoc
469 1467 583 1555 accipi
601 1462 739 1556 potest:
766 1462 862 1562 Quia
880 1461 939 1557 qui
957 1460 1042 1537 mihi
1058 1458 1242 1551 imprope·
1321 1543 1324 1549 ¹

170 1577 252 1653 rat,
272 1562 572 1659 improperaret,
600 1563 658 1653 qui
678 1560 770 1635 mitit
784 1582 852 1637 me.
899 1558 1112 1653 Exemplum
1132 1577 1260 1653 ergo,.

172 1662 270 1751 quod
287 1658 516 1755 allumplrt‚in
532 1658 747 1755 sexagenum
764 1657 898 1739 obruo
915 1656 1054 1732 Psalmo
1070 1657 1144 1731 hoc
1160 1677 1238 1733 mo·

171 1762 221 1833 do
237 1760 405 1851 scriptum
424 1761 493 1839 est:
519 1764 653 1837 Alienus
673 1758 785 1853 faties
802 1761 873 1848 sum
893 1758 1056 1853 fratribus
1076 1762 1171 1842 meis,
1196 1756 1237 1833 (5
1330 1814 1333 1819 .

168 1862 275 1954 helpes
283 1863 371 1950 filiis
387 1866 501 1937 matris
521 1886 602 1935 mec.
615 1864 707 1957 Quia
726 1861 815 1935 ulus
830 1860 937 1935 domuc
952 1875 1015 1947 ψ
1030 1860 1158 1931 comedit
1174 1881 1234 1945 me,

168 1958 210 2038 Θ
226 1964 411 2055 improperia
427 1966 706 2056 improperantium
723 1958 783 2033 tr'br'
800 1958 979 2035 ceciderunt
986 1957 1083 2054 super
1101 1982 1158 2034 me.
1239 2004 1241 2011 -
1307 2018 1309 2023 .

247 2064 452 2159 Quocumque
475 2066 558 2131 enim
575 2060 698 2153 scripto
718 2060 821 2147 funt,
846 2060 887 2129 od
900 2058 1040 2149 unol‘ircm
1058 2057 1236 2155 dolirirurnr

164 2160 283 2255 [cripta
294 2161 384 2248 sunt.
432 2161 554 2235 Simile
569 2158 620 2239 eli
636 2160 710 2237 hoc
725 2158 803 2251 illi,
830 2158 929 2250 quod
946 2156 1020 2252 ipse
1040 2158 1078 2231 in
1094 2159 1169 2232 aliie
1186 2156 1237 2229 di·

168 2260 241 2332 citt
268 2263 400 2356 Scripta
413 2260 494 2347 sunt
510 2277 612 2331 autem
626 2274 755 2352 propter
772 2282 846 2345 nos,
874 2263 912 2332 r‘rc
929 2281 1002 2353 quor
1010 2259 1096 2346 fines
1109 2258 1237 2347 seculo·

171 2383 243 2428 rum
258 2359 462 2430 devenerunt
513 2357 626 2453 Quod
642 2354 666 2431 li
682 2357 893 2448 requiritur,
919 2356 1108 2448 quomodo
1124 2375 1237 2449 prop·

168 2471 227 2528 ter
243 2476 311 2527 nor
330 2454 458 2549 scripta
474 2456 542 2531 fine
559 2475 636 2547 qum
652 2452 781 2548 scripta
795 2454 896 2549 sunt,
922 2456 1110 2548 vide·‚quia
1126 2474 1236 2549 prop·

167 2570 226 2629 ter
243 2575 312 2627 nos
326 2553 575 2648 scriptumest:
602 2558 682 2629 Non
706 2554 916 2629 diurnium
940 2554 1013 2627 iovi
1032 2560 1235 2629 trituranti.-

164 2681 234 2726 rron
260 2660 345 2725 enirn
370 2656 405 2725 de
430 2656 521 2739 bobus
544 2679 619 2727 curo
643 2654 683 2749 cli
710 2661 799 2742 Dec,
818 2655 873 2744 sed
897 2657 932 2725 de
956 2654 1045 2725 nobie
1070 2654 1169 2727 dicit:
1198 2652 1234 2727 δι

166 2768 321 2849 propter
337 2774 407 2832 nur
420 2753 588 2849 seriptum
605 2751 677 2845 est,
703 2755 786 2849 quia
805 2754 969 2827 Abrabam
985 2756 1059 2825 duos
1068 2742 1158 2844 filiis
1173 2754 1235 2824 bc·

166 2857 257 2933 luit,
281 2879 380 2926 unum
395 2856 432 2925 dr
450 2854 590 2941 ancillo,
615 2854 655 2933 (Ἰ
673 2878 773 2930 enum
789 2855 960 2948 delibera,
986 2867 1028 2927 ut
1052 2874 1121 2929 nos
1146 2850 1233 2927 scit·

165 2974 265 3044 mut,
292 2956 374 3051 quit
389 2954 465 3031 haec
479 2953 786 3047 suntallegoricr,
811 2952 846 3027 &
869 2955 934 3025 luc
954 2954 1036 3041 [unt
1063 2955 1122 3025 duo
1143 2952 1234 3050 tcflo·
1277 2968 1280 2975 '

166 3071 289 3126 menta.
325 3052 480 3146 Propter
493 3062 563 3128 our
578 3052 613 3124 dr
629 3053 717 3127 illud
734 3052 902 3145 scripturn
920 3052 992 3143 eli,
1017 3057 1099 3146 quia
1117 3072 1236 3146 popu·

166 3156 224 3227 lus
242 3153 472 3229 manducavit
487 3173 616 3233 menna
639 3151 860 3242 inretorto,
887 3153 1027 3229 &bibit
1044 3164 1169 3246 aquam
1188 3151 1235 3224 de

137 3262 298 3347 petra,
332 3267 373 3327 ut
397 3272 467 3326 noc
490 3250 800 3348 intelligeremus,
834 3251 917 3342 quic
935 3252 1114 3346 spiritatem
1139 3251 1235 3335 escam

165 3355 466 3441 manducaverunt,
482 3351 521 3429 U
531 3353 711 3447 spiritalem
722 3368 831 3449 potum
853 3351 1019 3441 biberunt,
1046 3352 1184 3425 bibentes
1199 3352 1236 3421 de

161 3454 309 3547 sequenti
325 3468 437 3548 petra,
462 3454 635 3549 quc'petro
650 3466 723 3527 crat
740 3449 896 3548 Cbrrflrrc.
948 3448 997 3525 Et
1022 3452 1109 3525 lraec·
1124 3463 1234 3540 atque

167 3553 235 3629 alia
260 3548 465 3641 huiusmodi
490 3562 592 3625 eraut
617 3548 805 3641 mysteria,
840 3568 918 3643 que
944 3553 1127 3627 occultata
1152 3546 1234 3623 sunt

166 3652 391 3743 temporibus
401 3644 786 3741 aeternir,manifestata
801 3664 918 3723 autern
934 3670 1032 3725 nuuc
1048 3648 1238 3742 perscrip-

166 3764 267 3825 turas
285 3748 543 3842 Propheticrr,
558 3748 591 3821 dr
607 3748 804 3825 adventum
822 3748 1018 3824 Domini&
1035 3748 1239 3837 Salvatoric

169 3848 285 3931 moliri
309 3844 392 3945 Jesu
416 3846 554 3922 Christi.
605 3846 676 3921 Sed
701 3846 885 3923 utadhuc
910 3847 1127 3924 manifestius
1156 3846 1240 3941 fiat,

172 3950 362 4052 quomodo
384 3968 462 4045 quc
475 3946 604 4054 scripta
622 3945 725 4131 furit,
750 3961 902 4053 propter
918 3944 1133 4053 uoa'scripta
1149 3946 1245 4117 prot,

699 4068 763 4145 14
1174 4067 1201 4121 e
