2825 4559
193 281 198 288 ’
253 304 317 384 ru
340 295 512 381 crrsr.
540 300 621 379 uu
646 299 873 380 rourum.
899 300 1000 380 rra.
1026 300 1102 383 111.
1155 321 1223 398 ης

172 470 216 546 lis
231 467 365 562 semper
381 479 566 564 urgentur,
578 465 672 538 vlam
690 469 787 560 pacit
802 465 988 564 Ignorant,
1011 463 1107 540 rede
1123 465 1225 539 intel·
1245 553 1248 560 Ι

168 571 321 666 ligimus.
349 566 447 639 Dicit
465 569 559 640 enim
575 564 755 657 Propheta
772 566 815 638 ad
824 567 1038 642 Dominum:
1069 569 1136 638 Pax
1145 567 1225 637 mul·
1246 601 1249 606 ·

171 683 209 742 ta
224 669 427 762 diligentibus
441 689 552 737 nomeu
567 663 716 744 tuum&
730 665 845 764 nomast
863 668 929 736 iilis
935 666 1127 755 scandalum.
1153 664 1225 738 Sed

170 767 205 844 dr
223 769 284 840 ille
299 767 472 863 populus,
489 765 548 856 qui
566 765 610 837 de
625 757 788 860 AEgypto
803 765 948 838 eduilus
964 763 1034 858 est,
1048 783 1113 859 per
1129 765 1225 838 uiam
1280 837 1284 852 ,

169 867 267 962 pacit
284 863 432 946 incelirt,
456 878 497 939 ut
513 863 555 936 ad
568 876 696 938 terram
713 862 987 956 repromisionis
1006 866 1167 956 ueniret,
1187 861 1224 934 dt

169 967 349 1040 habitaret
362 965 399 1037 lu
412 959 623 1056 Jerusalem,
640 981 717 1054 quae
730 965 988 1057 iuterpretatur
1005 962 1093 1036 visro
1109 963 1222 1056 pacit,

168 1063 260 1140 licut
278 1061 311 1136 dr
328 1061 506 1155 Propheta
522 1061 626 1137 dicit:
660 1061 776 1134 illius
791 1063 828 1160 esi
841 1067 878 1134 in
892 1061 1056 1158 parciores
1070 1067 1157 1158 ejas,
1182 1059 1223 1136 θ’

168 1165 329 1236 habitatio
341 1168 408 1260 ejas
426 1169 462 1233 iu
479 1165 568 1236 Sion.
600 1161 742 1235 Plenius
756 1177 874 1238 autem
889 1165 983 1235 uiam
1000 1162 1096 1257 pacis
1113 1179 1224 1256 agno·

168 1261 257 1356 scit,
284 1263 343 1351 qui
362 1261 404 1334 ad
421 1260 569 1335 eoelestia
586 1259 772 1354 Jerusalem
789 1262 1026 1336 habitaculum
1045 1260 1223 1349 tendit,ut

167 1363 213 1435 ad
228 1359 375 1436 sanctam
393 1361 576 1434 civitatem
594 1361 662 1434 Dei
680 1362 838 1435 viventis
855 1360 1028 1434 ascendat.
1055 1358 1136 1433 Post
1148 1360 1223 1432 haec

167 1461 325 1534 additur:
351 1464 431 1534 Nou
446 1459 484 1556 eli
498 1465 592 1532 rimor
604 1464 666 1530 Dei
679 1479 758 1532 ante
771 1463 868 1532 oculor
885 1485 996 1532 rorum.
1021 1458 1056 1531 si
1072 1460 1147 1552 quis
1162 1457 1220 1550 fit,

168 1563 229 1652 qui
247 1558 383 1656 semper
397 1561 442 1632 de
456 1562 585 1634 timore
594 1557 662 1633 Dei
678 1560 840 1654 cogitet,
867 1560 950 1653 quid
965 1560 997 1632 ei
1014 1559 1153 1651 placeat
1167 1577 1224 1631 re·

166 1661 306 1751 quirat,
333 1661 466 1749 quidve
484 1657 686 1752 displiceat,
709 1660 795 1731 huic
818 1661 928 1732 timor
948 1659 1018 1732 Dei
1045 1658 1113 1732 else
1137 1673 1221 1744 ante

164 1761 296 1832 oculor
314 1757 454 1831 dicitur.
479 1757 548 1830 Sed
567 1759 703 1850 peritur
720 1755 969 1852 debeteffe,dc
985 1761 1123 1855 exlege
1139 1760 1219 1834 Do·

161 1858 248 1932 mini
264 1856 450 1952 diligenter
466 1857 644 1939 eruditus,
666 1878 713 1932 ne
728 1856 824 1933 sorte
845 1857 918 1930 illic
935 1859 1058 1930 timeat
1073 1861 1219 1952 timore,

161 1958 227 2029 ubi
251 1954 460 2029 necelsariue
485 1976 560 2030 nou
586 1958 655 2029 erit
678 1960 799 2030 timor.
850 1955 1041 2030 Ponendur
1060 1957 1110 2032 est
1126 1979 1216 2055 ergo

163 2053 302 2148 semper
314 2057 428 2129 timor
447 2053 515 2128 Dei
533 2066 616 2130 ante
631 2058 778 2130 oculos:
805 2075 880 2128 non
894 2055 979 2129 istor
995 2061 1122 2130 oculor
1141 2078 1219 2130 car·

165 2155 223 2227 nis
240 2157 370 2244 (neque
387 2156 481 2228 euim
497 2153 633 2228 visibile
650 2155 779 2248 aliquid
794 2170 854 2228 aut
868 2175 1082 2247 corporeum
1098 2159 1221 2247 quari·
1306 2171 1308 2178 '

165 2256 259 2338 turi:
285 2251 342 2326 sed
364 2268 446 2327 ante
462 2255 590 2328 oculos
605 2257 757 2346 mentis,
783 2257 909 2346 quibus
931 2257 1070 2328 timoris
1095 2255 1164 2329 Dei
1185 2257 1221 2330 dt

163 2352 366 2425 intellectus
392 2351 425 2424 dr
449 2353 608 2428 doctrina
631 2353 863 2447 perspicitur,
897 2375 1103 2447 perquam,
1129 2356 1219 2431 licut

164 2450 323 2542 superius
343 2452 514 2546 diximus,
538 2455 753 2548 intelligatur
772 2453 854 2545 quid
868 2456 1063 2529 timendum
1081 2454 1134 2546 srt,
1155 2469 1218 2531 aut

170 2551 255 2644 quid
271 2571 344 2626 non
360 2550 401 2624 iit
415 2552 619 2626 timendum.
651 2555 725 2648 Qui
743 2551 861 2626 Deum
875 2556 998 2647 timet,
1024 2551 1220 2647 potestatea

167 2648 285 2724 saeculi
301 2670 375 2724 uon
394 2652 505 2729 timet.
539 2649 588 2722 Et
604 2652 687 2744 quid
704 2650 788 2724 dico
807 2653 851 2723 de
869 2652 1103 2745 potestatibus
1118 2653 1221 2729 saecu·

168 2747 224 2823 lii
249 2748 330 2822 Nec
343 2751 424 2822 illoc
440 2750 675 2844 principatur,
691 2750 725 2823 dr
740 2749 952 2842 potestates,
970 2753 1004 2826 dr
1019 2755 1139 2828 mundi
1155 2756 1221 2829 hu·

164 2849 225 2942 jur
249 2847 427 2940 rcclorea,
452 2870 568 2940 neque
588 2847 752 2943 spiritalia
775 2852 940 2943 nequitia
963 2853 999 2925 in
1021 2854 1220 2929 coeletiibua

165 2948 283 3022 timet.
333 2946 381 3020 Et
403 2962 444 3020 ut
467 2949 571 3041 ipsrus
594 2951 667 3023 hoc
693 2949 790 3021 Pauli
810 2953 1004 3026 autoritate
1025 2949 1218 3050 firmemus,

169 3048 278 3138 audi,
304 3047 492 3138 quomodo
510 3049 597 3122 dicit
617 3048 662 3122 de
677 3051 836 3123 humanis
854 3049 1108 3142 potestatibus:
1147 3058 1221 3143 Vis,

169 3143 1220 3340 uillarumaltratstaturarum

171 3348 298 3442 adjutor
312 3346 369 3442 epi,
392 3370 456 3416 mu
471 3348 577 3418 timebo
611 3349 667 3419 uid
676 3347 779 3438 feriar
797 3349 983 3424 mittum.
1022 3351 1079 3423 De
1094 3353 1219 3424 adver·

166 3442 212 3519 fia
227 3463 319 3519 vero
336 3446 568 3539 potestatibus
585 3373 767 3540 spirituum
783 3447 876 3523 idem
892 3447 1070 3544 Propheta
1083 3448 1219 3526 sensisse

171 3543 260 3620 mihi
277 3544 441 3638 videtur,
466 3548 527 3619 ubi
544 3545 649 3620 dicit:
675 3550 802 3633 Musti,
822 3551 878 3643 qrrr'
891 3548 1041 3622 debellant
1057 3574 1103 3622 mr
1118 3553 1154 3622 dt
1166 3576 1222 3622 aar·

173 3644 266 3735 cesso,
289 3663 344 3741 per
359 3646 438 3715 diem
453 3646 630 3730 armatum
656 3644 690 3718 dt
705 3645 852 3721 iterum:
881 3645 919 3723 Si
933 3650 1096 3745 confisioni
1107 3653 1220 3722 adver·

165 3743 238 3834 [um
252 3768 298 3815 mr
314 3743 427 3840 capita,
452 3769 519 3816 nou
534 3746 720 3816 rimabimur
733 3771 840 3817 meum.
865 3746 967 3841 Oput
983 3767 1070 3843 ergo
1087 3748 1220 3846 grande

172 3841 226 3918 est
242 3841 527 3940 &magnificum
552 3842 687 3937 semper
702 3844 834 3922 habere
857 3865 939 3936 ante
953 3849 1081 3921 oculor
1098 3848 1217 3922 cordis

127 3941 131 3950 ’
170 3942 339 4020 umorem
357 3941 446 4018 Deir
470 3945 569 4020 illum
593 3946 780 4039 timorem,
806 3949 865 4039 qui
888 3948 1044 4044 replevit
1068 3949 1218 4043 virgam,

209 4059 215 4086 ⁸
1096 4067 1179 4142 oua
