2825 4559
202 355 272 455 ati
328 289 678 441 ORIGENIS
696 360 1101 443 COMMENTAR

145 525 170 585 ι’
205 524 327 641 sensati
330 529 488 612 intravit,
506 542 544 602 ut
560 478 739 604 mandaret
757 523 915 602 delictum.
940 527 1070 598 sedat·
1058 474 1281 611 redundavit,

179 641 184 650 “
208 628 347 716 inquit,
370 643 540 719 peccatum,
562 626 833 720 superabundavit
845 632 964 719 gratia.
1008 625 1162 700 Sicutrn
1180 622 1282 715 stipe·

206 726 364 806 rioribus
383 724 591 813 docuimus,
618 726 678 798 ubi
698 746 762 819 per
777 724 911 820 singula
928 745 1076 817 qumque
1093 744 1278 816 compara

208 827 347 900 tionem
366 824 452 899 facit
466 845 605 917 eorum,
622 845 698 915 qnae
714 847 759 898 ex
775 826 1076 917 prevaricatione
1090 822 1207 899 Adam
1222 843 1280 893 ac·

210 922 373 1005 accidisse
396 924 568 1002 videntur
588 923 754 1011 adversa,
781 923 814 997 dt
832 926 948 998 mttlto
968 926 1104 1016 maJora
1123 921 1281 997 ostendit

211 1022 296 1103 elie,
314 1043 389 1113 quae
406 1024 632 1140 pergratiam
653 1021 781 1102 Christi
800 1024 841 1100 ad
860 1023 1016 1100 medium
1033 1023 1164 1101 collata
1180 1021 1282 1099 sunt·
1289 1066 1291 1070 .

211 1122 274 1197 u
265 1144 301 1195 ιιι
319 1116 480 1215 praesenti
497 1126 584 1198 loco
609 1144 691 1198 curn
711 1121 848 1198 dixisset
866 1121 1056 1197 abundaffe
1076 1137 1283 1216 peccatum,

209 1221 377 1303 sermone
394 1219 589 1320 digniffimo
605 1222 684 1301 usus
701 1221 772 1315 est,
799 1242 873 1313 quo
889 1224 1140 1297 abundantiam
1159 1221 1284 1296 vince·

211 1336 293 1420 ret,
320 1321 727 1439 &superabundantiam
747 1338 913 1416 poneret
968 1319 1284 1417 superabundavit

133 1512 138 1518 ²
213 1437 332 1500 autem
348 1423 459 1516 gratia
476 1419 631 1500 christi
622 1442 658 1496 ιιι
672 1442 745 1511 eo,
772 1432 907 1510 utnon
924 1421 1037 1496 solum
1055 1443 1074 1496 a
1092 1420 1283 1513 preteritis
1305 1435 1313 1442 ’

212 1522 374 1615 peccatis
393 1518 599 1598 absolveret
615 1521 819 1613 bominem,
845 1542 972 1599 verum
992 1525 1097 1594 etiam
1123 1539 1286 1596 commu

181 1665 192 1674 s
213 1624 312 1698 mret
328 1641 352 1695 a
366 1618 506 1697 suturis
541 1619 722 1712 Siquidem
739 1620 812 1694 duo
830 1622 986 1709 quedam
1003 1609 1112 1715 re'gua
1126 1619 1287 1692 ostendit

211 1720 252 1799 in
268 1695 435 1796 homine·
460 1739 593 1811 unum,
622 1726 696 1811 qtio
717 1736 904 1812 peccatum
925 1722 961 1799 in
977 1734 1132 1795 mortem
1159 1737 1286 1812 regna

213 1819 293 1904 vit;
322 1816 435 1899 aliud,
454 1836 536 1910 quo
560 1821 671 1912 gratia
694 1839 758 1912 per
772 1816 939 1913 justitiam
963 1832 1090 1914 regnet
1106 1820 1144 1895 in
1160 1818 1285 1896 vitam

218 1914 344 1991 Gratia
360 1936 449 2016 ergo
466 1915 538 1999 est,
566 1936 644 2007 quae
663 1920 707 1996 de
725 1936 838 2012 regno
857 1917 944 2009 suo,
967 1919 1002 1991 id
1019 1918 1091 2008 est,
1115 1917 1160 1987 de
1176 1935 1285 1993 mem

170 2019 179 2090 ζ
215 1999 290 2092 bris
307 2001 446 2092 nustria
463 2030 650 2109 peceatum
672 2018 780 2107 ejecit
795 2017 829 2091 dt
845 2018 1003 2108 expulit,
1031 2038 1112 2091 cum
1132 2036 1206 2106 quo
1225 2036 1286 2087 ne·

216 2135 261 2189 ce
264 2112 366 2200 ilario
382 2116 488 2192 etiarn
503 2135 603 2197 mors
621 2118 708 2190 exiit
726 2118 903 2209 pariter&
924 2113 1154 2209 expoliant,
1180 2117 1288 2194 utita

217 2205 359 2294 demum
379 2233 526 2308 regnum
547 2213 637 2290 sibi
628 2238 662 2292 m
684 2219 791 2289 nobis
809 2218 919 2320 gratia
937 2236 1001 2310 per
1015 2214 1184 2306 justitiam
1205 2216 1286 2285 vin

216 2298 376 2402 dicaret,
404 2312 783 2404 numunianum,
810 2330 942 2391 aeterna
967 2317 1042 2390 vita
1066 2312 1288 2400 consisteret

109 2469 112 2475 ,
216 2411 305 2496 Hoc
331 2427 450 2487 autem
479 2411 550 2501 est,
580 2416 676 2506 quod
698 2414 731 2487 o
751 2416 832 2490 alibi
850 2417 942 2493 idem
961 2413 1160 2507 Apostolus
1179 2413 1288 2494 dicita

113 2603 117 2611 ι
218 2515 303 2594 Nan
318 2538 383 2606 ergo
398 2517 464 2607 jam
479 2529 586 2609 regnet
599 2531 756 2608 peccatam
775 2522 811 2582 in
828 2516 927 2607 veiim
943 2518 1071 2589 mortali
1086 2534 1227 2609 carpum·
1253 2512 1287 2591 δι

219 2613 313 2691 idem
324 2616 427 2690 aiibi:
456 2613 548 2689 Sicut
563 2620 646 2691 enim
662 2616 843 2703 exhibuistis
858 2617 991 2693 membra
1005 2616 1108 2711 vassen
1122 2639 1210 2687 arma
1222 2618 1289 2681 ini·

219 2718 356 2809 quitatis
379 2731 519 2808 peccato,
544 2719 591 2782 r'ta
608 2738 691 2786 num
709 2716 848 2786 exhibete
863 2719 996 2784 membro
1012 2716 1113 2811 vestro
1129 2740 1218 2788 arma
1229 2717 1287 2808 ju·

151 2880 154 2887 .
212 2813 311 2912 fluia
335 2817 409 2890 Deo
436 2809 521 2888 1⁴:st
545 2831 633 2905 ergo
657 2815 798 2906 grandis
823 2813 1171 2906 superabundantia
1162 2833 1197 2890 tn
1222 2831 1285 2908 eo²

221 2910 343 3001 quod,
362 2910 421 2982 ubr
439 2924 625 3001 peccatum
647 2912 901 3005 luititmors,
919 2916 965 2985 rbr
985 2934 1081 2989 nunc
1097 2913 1146 2988 esi
1161 2911 1287 3007 gratia,

158 3087 163 3093 ,
219 3005 497 3104 &justifluum
514 3008 801 3089 &vitaaeterna
826 3012 875 3088 Et
890 3014 965 3093 haec
982 3034 1102 3085 omma
1119 3011 1198 3089 sunt
1215 3031 1303 3100 qur.

220 3108 303 3182 dem
318 3107 419 3201 supra
435 3122 563 3189 caeteta
582 3131 645 3203 per
663 3112 858 3190 Dominum
875 3112 1035 3190 nostrum
1051 3110 1170 3226 Jesum
1186 3108 1287 3188 Chri

167 3213 168 3220 '
221 3207 323 3288 tium.
359 3207 482 3283 Potest
501 3224 618 3290 autem
640 3208 738 3301 fieri,
765 3224 827 3303 ut,
853 3211 941 3291 sicut
960 3211 1171 3285 haecomnia
1190 3211 1290 3288 bona

220 3310 313 3385 dixit
330 3305 481 3389 exiliere
497 3328 561 3401 pet
578 3309 774 3388 Dominum
790 3310 948 3389 nostrum
964 3312 1079 3405 Jesum
1097 3308 1290 3402 Christum,

220 3408 271 3481 sta
295 3408 327 3487 dt
352 3407 412 3486 iiia
428 3410 519 3486 mala
542 3408 691 3503 intelligi
712 3411 872 3490 voluerit
892 3409 1057 3488 exstitisse
1074 3431 1138 3503 per
1154 3410 1289 3484 Diabo-

170 3531 173 3537 ’
220 3508 318 3599 ium,
346 3504 404 3580 sed
423 3505 546 3587 srluiise
563 3507 608 3580 de
624 3506 776 3583 auctoru
794 3530 918 3587 eorum
935 3514 1094 3598 nomine,
1115 3525 1156 3582 ut
1171 3508 1288 3601 super·-

222 3606 473 3686 abundantiam
489 3608 609 3701 gratiae
627 3609 663 3684 in
679 3610 849 3687 omnibus
865 3610 1072 3708 designaret
1091 3610 1187 3684 Nam
1200 3609 1291 3689 sicut

224 3704 383 3784 Christus
400 3726 509 3783 unum
526 3708 667 3797 quidem
682 3706 733 3786 est
750 3729 813 3800 per
830 3702 993 3793 substant·
970 3726 1074 3802 nam,
1100 3711 1212 3788 multa
1230 3729 1290 3785 au·

160 3819 300 3882 rtem
316 3805 512 3885 virtutibus
532 3805 857 3899 &operationibus
878 3809 1097 3901 deignatur,
1125 3812 1227 3899 (nam
1255 3809 1290 3884 δι

160 3877 166 3990 'l
222 3904 336 3997 gratia
357 3904 431 3998 ipse
457 3903 525 3984 esse
549 3906 780 4002 intelligitur
807 3908 1065 4001 matutina,
1091 3907 1179 3988 scut
1202 3929 1289 4000 part,

216 4001 310 4088 ficut
334 4003 428 4101 rita,
457 4004 547 4083 iitut
571 4008 728 4112 veritas
753 4007 842 4088 sicut
864 4008 1038 4111 verbum)
1063 4009 1114 4086 ita
1138 4007 1290 4183 fungiis
