2825 4559
172 246 175 251 ¹
243 317 304 395 ru
329 310 501 390 norst.
531 297 610 384 nn
634 251 865 386 noman.
892 307 995 386 mn.
1016 277 1072 388 tr.
1133 325 1195 412 at

128 479 220 560 reti
246 478 356 577 Quod
373 476 624 566 verounum,
652 471 756 564 quia,
782 470 1012 546 srneceii'aria
1025 467 1197 552 nouerat

130 585 196 658 iila
212 601 292 673 para
306 577 479 666 membri,
504 572 580 646 fieri
600 595 619 644 a
636 571 815 645 Creatore
830 593 907 645 non
922 574 1064 647 debuit:
1089 573 1111 662 st
1136 595 1198 649 ne·

132 680 284 757 cessatio
306 676 396 752 fasta
414 671 486 767 est,
512 695 587 746 non
614 673 724 746 debet
750 670 898 744 auferri:
932 675 1195 770 interrogemus

133 801 203 858 eoa
217 777 252 853 ἂ
267 798 356 869 noa,
382 775 407 848 s1
423 773 648 846 necessariam
665 773 786 846 dicant
800 767 954 844 filiorum
971 777 1198 864 procreatio·

129 901 232 958 nem.
274 872 515 951 Necessariam
534 873 607 948 fine
621 873 732 945 dubio
748 869 1029 966 respondebunt,
1080 873 1198 948 Erunt

134 999 227 1077 ergo
251 977 467 1072 culpabiles,
494 976 552 1065 qui
576 974 811 1045 continentie
835 970 869 1042 ἃ
891 971 1105 1068 virginitatis
1133 979 1198 1048 ob·

133 1093 267 1171 teratu,
291 1073 490 1151 necessariis
513 1086 648 1145 naturae
672 1069 801 1144 officiis
823 1092 899 1143 non
922 1071 1136 1146 ministrant:
1163 1075 1198 1148 δι

133 1191 245 1270 erunt
259 1175 413 1273 cogendi
427 1175 471 1245 ad
485 1173 627 1267 nuptias
644 1192 785 1264 omnen,
796 1174 856 1263 qui
872 1171 1063 1245 secundum
1076 1171 1198 1248 Evan-

135 1280 221 1376 gelii
245 1281 342 1374 leges
363 1275 536 1367 semetipsis
565 1273 784 1367 castraverunt
808 1288 934 1367 propter
958 1297 1086 1366 regnum
1113 1279 1198 1366 Dei,
1293 1285 1295 1290 '

134 1381 313 1454 habentes
339 1374 492 1465 exempli
519 1373 622 1463 hujus
648 1367 830 1443 austorem
861 1391 941 1444 cum
958 1374 1092 1446 multos
1108 1378 1198 1450 alios

136 1475 370 1565 Sanstorum,
396 1490 472 1545 tum
495 1475 601 1544 etiarn
628 1469 738 1564 ipsum
762 1470 958 1566 Dominum
977 1471 1105 1566 Jesum.
1156 1477 1200 1551 In

134 1577 270 1653 summa
288 1595 380 1648 vero
396 1572 586 1645 dicendum
603 1569 672 1662 est,
699 1569 818 1660 quod,
845 1570 933 1643 srcut
951 1574 1060 1643 multa
1082 1571 1201 1649 neces·

136 1677 225 1751 saria
240 1691 342 1747 etant
358 1670 566 1764 baptismata
587 1683 670 1742 ante
685 1668 895 1762 baptismum
912 1666 1053 1760 Christi,
1070 1675 1201 1749 &mut

127 1765 186 1850 'tae
207 1771 497 1871 purificationes,
524 1782 712 1861 antequam
733 1766 935 1861 purificatio
952 1790 1016 1862 per
1032 1773 1202 1870 Spiritum
1331 1833 1338 1850 .

137 1872 293 1971 santium
314 1870 442 1961 fieret,
468 1871 503 1942 &
518 1869 638 1942 multae
654 1865 798 1957 hostiae,
827 1885 1016 1961 antequam
1042 1894 1112 1948 una
1137 1878 1202 1949 ho·
1306 1953 1312 1960 ,

138 1973 205 2049 stit
221 1995 329 2070 agnus
347 1972 590 2044 immaculatus
608 1966 831 2060 semetipsum
849 1971 943 2043 Patri
965 1969 1117 2047 offerret
1137 1978 1204 2049 ho·-

135 2074 239 2149 stiam
249 2072 426 2145 Christus:
453 2072 501 2142 ita
515 2069 621 2142 etiam
635 2069 754 2140 multis
767 2070 1093 2148 circumcisionibus
1108 2095 1202 2167 opus

137 2173 233 2265 suit,
262 2172 446 2264 usquequo
471 2189 542 2242 una
567 2169 604 2240 in
622 2164 763 2241 Christo
785 2171 1006 2245 circumciso
1032 2179 1203 2247 omnibus

139 2277 360 2347 traderetur:
387 2270 421 2342 δι
445 2271 641 2343 multorum
666 2267 842 2364 sanguinis
866 2272 992 2345 effusio
1018 2274 1205 2367 praeceffit,

137 2373 327 2464 usquequo
356 2370 550 2463 peronius
580 2367 782 2462 sanguinem
811 2377 971 2445 omnium
999 2374 1203 2468 redemptio

139 2471 260 2548 fieret.
311 2471 399 2543 Haec
418 2469 559 2559 quidem
578 2469 685 2539 nobis
712 2470 754 2538 ad
772 2472 923 2560 presens
947 2492 1141 2546 occurrere
1158 2473 1204 2547 de

138 2571 417 2645 circumcisionis
435 2572 578 2640 ratione
594 2581 813 2658 potuerunt:
841 2593 916 2662 quat
934 2586 1051 2645 tamen
1070 2595 1111 2644 ea
1126 2576 1206 2669 iege

140 2671 233 2744 ditia
256 2669 323 2766 srnt
346 2691 364 2739 a
385 2670 511 2757 nobis,
540 2680 601 2754 ut,
628 2664 748 2756 saquis
763 2671 887 2743 melius
907 2672 938 2743 or
956 2673 1205 2745 rationabilius

139 2769 298 2859 (sitierit,¹
326 2769 384 2840 illa
404 2770 513 2864 magis
529 2785 632 2855 quam
651 2766 726 2837 haec
741 2768 860 2842 nostra
879 2773 1082 2847 teneantur.
1127 2776 1205 2848 Ve-

139 2891 219 2944 rum
239 2867 318 2961 post
337 2866 512 2940 excessum
527 2864 622 2957 justo
638 2865 785 2941 forfitan
803 2871 1014 2965 largiorem,
1042 2874 1084 2943 ad
1103 2870 1206 2965 Apo·

142 2970 260 3045 stolici
277 2965 544 3040 conclufionem
562 2963 715 3055 Capituli
734 2985 968 3044 revertamur.
987 2970 1098 3066 Igitur
1115 2992 1206 3062 quo·

84 3127 86 3144 .
140 3077 238 3144 mam
255 3069 423 3158 frequent
438 3064 486 3137 est
503 3063 690 3157 Apostoio·
702 3064 767 3138 iste
785 3068 963 3157 tratiatus,
974 3089 1046 3161 quo
1062 3091 1127 3164 per
1140 3073 1206 3143 sm-

84 3155 92 3276 ³¹.
141 3171 251 3266 gulos
271 3179 435 3259 quotque
453 3167 558 3237 binos
579 3165 743 3238 homines
765 3167 834 3239 eise
852 3170 1025 3264 designat:
1053 3187 1206 3261 quorum
1231 3173 1233 3178 ’

144 3272 296 3341 alterum
312 3267 527 3339 exteriorem
544 3268 748 3352 nominare,
764 3269 911 3339 alterum
929 3271 1137 3342 interiorem
1154 3270 1207 3341 so·

141 3371 215 3443 let:
243 3386 438 3455 eorumque
455 3366 604 3434 alterum
630 3364 820 3438 seeundum
840 3385 981 3440 carnem
1002 3366 1093 3462 effe,
1122 3371 1208 3440 alte·

141 3488 222 3541 tum
240 3465 430 3540 secundum
447 3460 602 3556 spiritum
620 3461 707 3535 dicit
723 3468 894 3557 (opinor,
923 3488 968 3538 ex
985 3467 1052 3540 iliis
1069 3466 1207 3541 institu-

143 3583 226 3657 tus,
254 3587 331 3657 quae
349 3567 384 3634 in
405 3561 534 3635 Genesi
553 3559 682 3653 scripta
696 3562 795 3654 sunt,
828 3567 887 3639 ubi
912 3568 999 3639 alius
1028 3568 1070 3638 ad
1089 3567 1209 3664 imagi·

140 3687 229 3742 nem
249 3665 318 3736 Dei
335 3662 467 3751 faetus,
494 3663 580 3733 nim
602 3663 647 3733 de
664 3664 751 3737 limo
767 3677 870 3736 terrae
887 3666 1073 3758 plasmatus
1097 3662 1210 3740 refer-

144 3763 227 3860 tur)
256 3765 290 3837 ἃ
308 3760 485 3854 nosipsos
508 3781 604 3834 nunc
623 3760 729 3836 alium
749 3763 785 3835 in
805 3764 1016 3857 manifesto,
1045 3769 1148 3839 alium
1170 3767 1207 3841 in

144 3865 299 3939 occulto
318 3862 476 3955 Judaeum
492 3875 623 3932 vocat:
655 3858 834 3935 sciendum
856 3864 926 3952 est,
954 3865 1051 3956 quod
1077 3870 1205 3940 horum

92 3925 96 4080 ἶ
143 3980 301 4058 uterque
312 3965 348 4035 in
361 3960 569 4056 quibusdam
584 3958 789 4055 insoniam
806 3966 989 4039 nonnullis
1003 3985 1095 4037 vero
1109 3987 1208 4040 com·
1249 4039 1251 4044 ,
1270 4003 1278 4020 =

93 4087 96 4094 ·
1043 4070 1155 4142 muni·
