2825 4559
160 334 237 410 en
269 309 272 320 ·
309 253 624 434 ottonum
654 287 1066 394 co'ntnnnnnn

242 497 301 572 35.
330 479 496 568 infirmum
512 495 616 552 autern
631 484 669 552 e‘n
676 482 742 572 fide
758 479 930 574 ιιλῇιιιιιιι,Ι
944 505 1009 552 nen
1029 486 1065 550 in
1082 475 1237 576 difiepidi

165 579 306 649 tionibus
321 587 554 671 cogitatienum.
606 583 701 652 Asius
723 586 845 686 quidem
869 580 969 652 credit
992 580 1181 652 manducare
1195 577 1239 667 [e

163 684 289 750 emnia:
314 686 369 775 qui
384 701 487 750 aurem
502 682 652 769 infirmus
667 683 725 778 ‘fl’
748 685 833 754 asera
850 684 1024 754 manducer.
1059 677 1109 752 Et
1123 681 1163 752 in
1181 677 1235 750 su·

163 777 427 871 perioribuede
444 777 527 856 fidei
545 779 751 855 infirmitate
773 782 996 855 mentionem
1018 780 1108 854 iecit
1130 777 1238 871 Apo·

165 875 297 972 stolus)
324 880 384 952 ubi
399 880 450 952 eit
465 882 511 952 de
527 879 725 957 Abraham:
754 887 831 953 cum
842 882 915 973 sere
928 893 1054 951 tenerem
1069 903 1236 950 annorum

164 980 258 1068 effer,
280 1003 346 1049 nm
367 983 550 1070 infirmatus
567 981 606 1076 esi
619 983 691 1068 fide.
744 981 804 1056 De
827 1003 895 1073 qua
917 979 1122 1055 infirmitate
1149 975 1237 1052 fidei

165 1078 205 1152 in
231 1080 300 1150 illie
326 1081 418 1152 locis
445 1101 522 1171 quae
548 1100 741 1154 occurrere
767 1096 968 1175 potuerunt
992 1078 1237 1170 exposuimus.

165 1176 237 1252 Sed
257 1179 290 1250 dr
307 1199 403 1254 nune
426 1179 472 1254 de
491 1177 635 1254 infirmo
658 1186 696 1256 in
716 1180 787 1255 fide
813 1193 1097 1265 commemorat,
1125 1199 1238 1268 quem

166 1277 205 1356 iu
222 1299 271 1350 eo
285 1281 373 1352 dicit
386 1277 587 1368 infirmum,
601 1283 685 1370 ¹quia
703 1276 779 1355 non
796 1283 911 1372 credit
926 1282 1143 1372 manducare
1158 1298 1237 1353 om·

166 1381 247 1470 oie,
274 1376 334 1456 sed
348 1393 420 1454 tam
440 1382 567 1475 exigue
587 1380 638 1454 cst
652 1379 742 1454 fides
759 1384 853 1474 ejus,
869 1395 910 1452 ut
929 1380 1002 1454 sole
1020 1381 1121 1452 olera
1137 1393 1249 1465 com-N
1272 1462 1276 1467 ,

165 1489 352 1573 petentem
372 1478 434 1553 sibi
451 1479 521 1569 eise
534 1478 710 1556 existimet
724 1482 853 1557 cibum.
892 1480 1004 1578 Quod
1020 1476 1143 1571 potest
1162 1479 1236 1569 qui-

167 1579 251 1654 dem
267 1579 383 1658 videti
401 1577 530 1666 didium
548 1582 592 1654 ad
609 1602 695 1671 eon,
724 1584 783 1672 qui
805 1603 849 1654 ex
872 1579 1050 1653 Gentibus
1076 1579 1235 1650 credide-

118 1755 121 1762 ,
166 1692 276 1766 runt,
309 1673 530 1754 extollentes
556 1679 653 1754 sein
679 1683 883 1754 libertatem
911 1678 1017 1760 fidei,
1050 1699 1120 1768 qua
1149 1678 1237 1750 nihil

85 1829 91 1838 ,
165 1799 360 1853 commune
386 1795 449 1852 eut
473 1780 690 1854 immundum
718 1780 788 1854 eise
820 1781 1011 1856 crederent
1045 1777 1236 1850 adversum

169 1899 256 1969 eos,
280 1881 339 1970 qui
364 1899 409 1951 en
428 1881 696 1955 circumcisione
715 1882 975 1968 crediderunt,
1001 1874 1237 1952 observantes

166 1978 284 2052 adhuc
308 1976 499 2052 secundum
521 1982 753 2055 traditione-m
772 1983 859 2077 legis
880 1982 1045 2052 ciborum
1066 1975 1237 2050 differen-

166 2078 273 2152 tiem:
298 2094 339 2150 ut
355 2099 420 2150 eor
435 2078 628 2170 reprimere
645 2079 810 2154 videatur
826 2080 859 2152 dr
873 2098 1045 2170 monete,
1071 2097 1118 2150 ne
1133 2075 1237 2150 insui·

169 2189 253 2250 tent
274 2178 346 2270 eie,
373 2179 501 2268 quibus
515 2179 623 2274 longe
640 2178 866 2253 consuetudo
884 2181 921 2252 in
936 2176 1176 2250 observandis
1192 2178 1238 2248 ci·

166 2278 223 2352 bis
240 2277 491 2364 discretionem
506 2280 626 2352 adhuc
643 2282 796 2372 aliquem
819 2278 852 2353 dr
874 2277 1140 2351 cunctationem
1161 2297 1237 2351 mo·

167 2381 291 2453 vebat.
340 2379 450 2474 Jubet
467 2385 554 2474 ergo
571 2400 673 2472 eum,
700 2381 759 2472 qui
777 2381 829 2453 ite
846 2381 883 2452 in
900 2380 967 2451 hac
984 2376 1055 2449 frde
1074 2372 1235 2458 infirmus

167 2478 241 2570 est,
267 2475 386 2556 assumi
408 2480 538 2576 megin,
565 2479 688 2553 &non
705 2479 832 2571 abjici,
859 2499 928 2553 nec
944 2476 1036 2568 quast
1052 2474 1237 2548 infidelem

119 2621 122 2626 ·
163 2579 327 2672 judicari.
347 2577 458 2651 Aliud
473 2576 524 2652 est
540 2581 635 2653 enim
649 2576 830 2656 infidelem
844 2578 931 2652 esse:
958 2578 1052 2650 eliud
1067 2572 1237 2648 infirmari

167 2679 205 2754 in
223 2676 306 2754 fide.
350 2675 446 2752 Nem
459 2676 613 2752 infidelis
630 2681 782 2771 dicitur,
809 2681 960 2769 quinon
978 2678 1090 2752 habet
1107 2674 1238 2749 fidem:

165 2777 330 2952 {infirmus
354 2793 474 2852 autern
496 2778 644 2871 infide,
679 2781 740 2874 qui
763 2781 904 2854 dubitat
927 2782 966 2854 in
991 2790 1095 2871 parte
1121 2779 1237 2868 :dique

194 2879 262 2950 dei.

244 2978 301 3065 36.
328 2971 564 3067 Componens
585 2979 692 3074 igitur
708 2974 910 3073 Apostolus
934 2976 973 3052 in
994 2995 1085 3068 pace
1102 2991 1238 3067 eorpus

156 3069 356 3164 'Ecclefiae,
383 3075 487 3148 dicit:
512 3080 584 3170 Qui
607 3079 796 3165 manducat,
822 3101 888 3176 nan
912 3080 1155 3149 manducantem
1178 3096 1239 3144 nen

163 3177 317 3272 sperent
341 3174 380 3250 δ
397 3182 452 3274 qui
467 3202 533 3248 nan
548 3181 748 3270 manducar‚·
763 3182 1001 3248 manducantem
1017 3200 1083 3246 nan
1094 3177 1238 3271 judicer:

167 3281 262 3362 Deus
281 3282 366 3348 eninr
388 3279 481 3374 issent
499 3276 662 3376 affiempfir.
720 3273 772 3350 Tu
788 3283 857 3376 quir
874 3281 924 3364 εἰ,
952 3282 1006 3373 qui
1018 3280 1144 3372 judaeas
1159 3276 1237 3345 asie·

161 3403 249 3460 ‚erem
258 3379 411 3465 sernum?
463 3382 529 3450 Sara
549 3382 671 3450 damino
684 3380 769 3475 flat,
796 3395 855 3450 aer
870 3382 974 3449 cadit:
997 3379 1237 3466 dubitantem:

161 3479 261 3575 ,pareri
285 3484 371 3550 enim
400 3483 488 3550 Deus
509 3482 642 3573 siarum
667 3481 780 3550 ilium:
808 3499 882 3571 quo
908 3477 1043 3551 scilicet
1067 3496 1133 3568 per
1160 3477 1235 3548 haec

167 3582 267 3656 nulle
289 3577 376 3676 esset
400 3580 494 3654 inter
521 3583 711 3654 credentes
741 3582 904 3656 ciborum
930 3576 1032 3649 causa
1059 3573 1235 3649 dissensio.

150 3675 239 3750 ‘Sed
256 3682 400 3754 videtur
420 3680 497 3754 hnc
517 3679 645 3753 Paulus
664 3678 1027 3773 profundiore-megin
1045 3674 1143 3748 sensu
1162 3678 1238 3747 elo

167 3793 286 3852 cutue
334 3779 468 3868 Neque
486 3783 579 3853 enirn
596 3803 640 3852 ex
658 3779 927 3854 circumcisione
944 3776 1175 3850 venientibus
1192 3775 1236 3846 de

168 3878 315 3956 edendis
333 3880 493 3953 oleribus
510 3883 568 3952 lex
587 3881 717 3971 aliquid
732 3880 978 3969 mandaverat,
994 3891 1036 3948 ιιι
1050 3877 1131 3967 ipsis
1149 3896 1236 3948 con·

157 3981 295 4062 ¹venite
312 3979 478 4056 videatur
493 3983 591 4076 quod
606 3983 673 4056 ait:
701 3984 772 4076 Qui
787 3997 892 4055 aretem
903 3982 1057 4074 infirmus
1072 3977 1112 4073 ‘st
1122 4027 1147 4149 ‚d
1155 3978 1236 4048 asera

1046 4100 1124 4150 nan
1148 4102 1181 4150 ιι-
