2825 4559
227 265 290 390 tn
313 293 486 387 trist.
513 289 589 384 au
607 305 840 388 nonan,
865 306 969 387 tm.
995 307 1069 392 ιιι.
1122 331 1189 408 113

127 473 336 570 sequentia,
351 490 420 565 qua
435 469 574 545 constat
587 490 696 545 omne
711 490 842 565 corpur
857 469 927 546 elle
941 474 1188 567 corruptibile,

128 591 196 667 ut,
221 573 245 647 b
263 575 369 646 etiam
384 569 502 645 Deum
519 590 652 665 corpur
670 565 740 645 esse
757 570 925 665 asserant,
942 573 1014 646 line
1029 573 1137 645 dublo
1154 574 1190 646 dt

129 671 403 766 corruptibilem
421 668 621 761 fateantur,
653 683 843 743 verterunt
865 669 1042 767 stropham
1068 675 1186 765 verbi,
1240 731 1242 737 .

131 774 167 846 dt
185 773 375 861 dixerunt,
405 783 540 844 uaturae
568 767 710 861 quidem
735 789 815 842 eum
841 767 910 843 ell'e
929 767 1186 864 corruptibilia,

132 889 204 946 bec
228 885 346 942 tamen
370 870 570 961 corrumpi,
595 887 665 962 pro
683 889 751 959 eo,
778 868 874 959 quod
894 889 969 941 non
990 870 1031 942 fit
1056 869 1187 961 aliquid

133 971 213 1065 ipso
228 968 408 1061 superius,
434 987 544 1058 aquo
564 970 744 1059 corrumpi
763 967 867 1061 polilt
882 981 943 1039 aut
960 965 1060 1041 solvi.
1095 968 1187 1044 Sunt

132 1068 252 1143 &alia
275 1071 458 1140 innumera
478 1066 662 1140 bominum
682 1063 852 1162 figmenta
876 1065 1063 1139 dialecticis
1088 1088 1187 1163 argu-

132 1171 193 1244 tiis
211 1168 246 1239 dc
262 1164 508 1258 sophismatum
524 1163 649 1237 fraude
669 1164 877 1257 composita.
920 1169 1009 1264 Quae
1026 1186 1104 1250 cum
1121 1167 1187 1240 sm·

132 1270 214 1365 gula
232 1285 296 1360 per
307 1261 571 1339 Ecclesrasticos
585 1267 685 1336 viror
706 1265 737 1335 bt
757 1264 876 1337 divina
890 1263 1057 1357 sapientia
1072 1266 1186 1336 erudi·

132 1383 195 1440 toa
212 1365 345 1438 veritas
358 1362 428 1436 Dei
449 1365 656 1454 convincit,
682 1361 1024 1456 &argumentorum
1044 1363 1186 1456 decipu-

131 1467 184 1539 lra
203 1463 405 1558 redarguit,
430 1461 467 1536 in
487 1463 671 1536 bominum
693 1462 881 1535 mendacio
900 1463 968 1535 Del
985 1464 1117 1535 veritas
1135 1463 1186 1535 di·

134 1565 228 1637 citur
247 1562 438 1653 abundare,
453 1562 486 1634 dt
503 1580 579 1635 non
593 1555 705 1634 solum
719 1563 912 1652 abundare,
931 1559 987 1634 sed
1008 1564 1185 1635 abundare
1305 1607 1308 1622 ι

135 1664 178 1735 ad
194 1663 342 1757 gloriam
361 1659 448 1752 ejua.
494 1662 605 1758 Quod
624 1661 696 1735 hoc
710 1660 823 1732 modo
839 1661 1104 1756 intelligendum
1120 1680 1185 1752 pu·

132 1777 196 1835 to:
222 1759 259 1833 Si
278 1758 420 1833 Ductor
439 1755 611 1832 Ecclesrae·
627 1757 800 1852 fimplices
825 1773 987 1850 quosque
1005 1761 1185 1834 auditores
1275 1767 1278 1776 “

133 1861 288 1947 doceat,
313 1858 521 1932 &nundum
538 1855 628 1930 salsis
648 1859 871 1953 dogmatibus
888 1874 1107 1951 occupatos,
1134 1876 1187 1933 at·
1327 1867 1329 1874 '

131 1977 204 2053 que
220 1959 275 2032 bia
293 1959 338 2031 de
354 1957 492 2049 lingulls
508 1959 703 2049 quibusque
719 1958 893 2030 rationem
911 1959 1039 2031 divinae
1056 1960 1187 2032 verita·

131 2062 179 2134 tia
196 2058 353 2152 aperiat,
364 2055 402 2129 ln
413 2056 658 2149 huiuscemodi
678 2055 836 2130 dollrina
853 2056 919 2129 Dei
935 2059 1067 2131 veritas
1086 2059 1186 2130 vide·

132 2159 233 2233 bltur
258 2154 444 2230 abundare.
494 2155 529 2228 Si
546 2175 637 2228 vero
655 2156 696 2228 ad
713 2175 777 2228 eos
795 2156 910 2231 sermo
929 2156 988 2236 fit,
1015 2161 1072 2247 qui
1096 2157 1186 2232 obil-

132 2257 226 2332 stant
247 2255 409 2343 veritati,
436 2256 494 2347 qui
512 2253 601 2327 srnae
614 2252 782 2328 dourinae
806 2253 1023 2328 sermonibus
1044 2271 1185 2330 contra·

85 2421 88 2444 ,
132 2357 274 2446 dicant,
301 2353 636 2440 &contradicentes
662 2354 896 2427 confutentur
918 2353 1185 2428 &convincam
1278 2389 1281 2397 ·

133 2473 213 2543 tur,
236 2453 341 2526 itaut
356 2470 517 2527 errorum
537 2454 694 2526 tenebris
712 2453 885 2527 derelictis
904 2453 947 2524 ad
960 2458 1074 2528 lucem
1091 2455 1187 2527 veri·

135 2552 421 2646 tatiaaccedant3
437 2565 526 2624 tunc
542 2572 618 2624 non
629 2550 740 2625 solum
753 2553 944 2626 abundabit
960 2554 1090 2624 veritas
1101 2553 1185 2646 Del,

86 2673 90 2680 ·
133 2649 195 2728 sed
212 2652 247 2725 dt
265 2651 559 2748 adgloriamejua
580 2651 781 2722 abundabit.
835 2643 1068 2725 Glorificatur
1090 2655 1185 2727 enim

133 2751 237 2828 Deua
255 2771 319 2844 per
333 2769 429 2842 cum,
442 2752 501 2841 qni
521 2750 565 2821 de
579 2767 704 2822 errore
716 2749 887 2822 mendacii
901 2762 1045 2842 ereptus
1064 2750 1186 2824 lu'men

135 2853 301 2926 ueritatis
317 2848 461 2943 aspexit.
495 2847 582 2923 Haec
601 2865 689 2944 ergo
709 2851 767 2938 qul
784 2851 833 2922 ita
846 2851 1084 2939 intellexerit,
1108 2864 1187 2924 non

136 2955 263 3042 utique
280 2948 367 3022 dicit
383 2947 489 3042 illud,
522 2948 619 3039 quod
635 2945 984 3039 inconsequentibus
1003 2948 1106 3022 stulta
1122 2952 1187 3021 ob·

136 3048 295 3143 lectione
310 3045 511 3140 profertur:
544 3047 635 3139 Quid
649 3048 748 3117 adstare
764 3048 800 3123 Θ
819 3073 866 3140 ege
883 3066 1034 3144 tanquam
1049 3065 1187 3141 peccator

136 3141 286 3247 judicor?
309 3145 368 3219 scd
383 3144 540 3218 advertit
554 3147 682 3218 merito
698 3146 733 3218 se
749 3147 996 3237 judicandum,
1013 3146 1037 3218 ll
1054 3167 1188 3238 perma-

139 3263 222 3322 neat
238 3249 275 3320 in
288 3245 473 3319 mendacio
487 3245 688 3317 bominumt
715 3244 747 3315 bt
763 3246 821 3335 qui
837 3245 1026 3318 secundum
1045 3266 1189 3336 eaquae

140 3341 241 3442 supra
261 3342 508 3437 exposuimus,
536 3363 581 3415 ax
602 3343 670 3415 Del
689 3347 841 3417 veritate
858 3342 1045 3417 couneus
1063 3340 1189 3416 erralle

141 3443 175 3522 se
196 3443 325 3536 sentit,
350 3445 393 3517 ab
420 3460 544 3516 errore
566 3440 759 3516 conversus
788 3441 905 3515 Deum
922 3462 1048 3517 verum
1071 3446 1189 3539 agnita

141 3548 295 3620 veritate
309 3533 507 3637 glorificat,
531 3561 600 3613 nec
617 3538 832 3635 blasphemat
842 3544 933 3614 ultra
945 3563 1020 3629 eos,
1032 3545 1090 3634 qui
1102 3563 1190 3634 prae·
1328 3613 1330 3618 .

144 3645 264 3720 dicant
281 3643 491 3730 veritatem,
517 3654 680 3731 tanquam
698 3643 877 3715 dicentes:
914 3647 1075 3713 Faciamus
1093 3646 1190 3724 mola,

144 3746 335 3818 arveniam
348 3742 446 3822 bna,
472 3736 582 3813 sciens
599 3742 634 3812 in
651 3739 724 3812 hoc
743 3742 858 3814 verbo
877 3742 1001 3834 justam
1022 3740 1091 3815 elle
1105 3740 1191 3815 blas·

143 3837 343 3938 aberrantia
359 3833 631 3914 damnationem.
678 3837 949 3915 Observandum
968 3861 1111 3933 quoque
1127 3841 1192 3923 est,

143 3943 241 4037 quod
258 3961 334 4027 eoa,
346 3939 404 4033 qui
422 3941 608 4041 veritatem
623 3941 830 4035 predicant,
841 3960 916 4015 uon
930 3955 1001 4017 tam
1017 3941 1196 4035 maledici,

196 4045 343 4138 Origrnr'r
364 4036 449 4114 Τιηι,
460 4042 546 4113 XV.
805 4038 842 4116 ll
1055 4040 1165 4137 quob
