2825 4559
236 301 312 389 ere
339 233 342 246 ¹
369 371 373 376 .
398 253 681 384 onteems
720 269 1133 395 commeruere

233 468 378 556 nieniel·
397 468 554 556 additum
573 481 687 561 puto:
718 470 766 556 Ei
783 488 960 565 reputatum
975 472 1015 567 est
1033 478 1062 545 ei
1077 477 1119 545 ed
1129 474 1302 572 justitient.

234 568 438 663 Quomodo
458 577 552 644 enim
574 588 653 644 non
672 570 717 643 ad
729 567 899 663 justitium
915 577 1141 666 reputaretur
1160 578 1213 659 ei,
1240 583 1300 668 qui

232 686 310 740 non
334 667 448 748 solum
469 672 506 743 in
523 667 617 756 fide,
643 669 703 744 sed
721 671 809 744 &in
826 673 993 748 omnibus
1010 674 1204 750 virtutibus
1222 699 1303 771 per·

125 853 128 864 ¹
231 763 426 844 sectionem
447 767 623 844 tenebat?

307 890 341 958 7.
368 873 448 944 Nun
464 873 621 966 eliaam
635 870 788 960 scriptum
799 885 925 965 prepter
941 871 1039 967 ipsum
1052 889 1200 961 tentum,
1219 883 1297 974 quie

232 988 413 1068 reputatum
427 975 466 1068 est
481 977 511 1040 ei
526 975 568 1042 ad
578 971 757 1066 justitium,
775 970 829 1058 suti
848 970 886 1047 U
904 989 1031 1066 propter
1047 978 1236 1072 nos,quisus
1249 1003 1298 1048 re·
1318 1021 1321 1028 ·

229 1076 402 1171 putabitur
424 1072 621 1142 credentibus
646 1076 683 1140 im
705 1095 795 1156 eum,
820 1076 877 1164 qui
887 1070 1057 1159 suscitavit
1075 1076 1186 1171 Jefitm
1205 1078 1301 1147 clert-

225 1176 308 1275 flam
329 1178 504 1244 Dominum
517 1171 654 1266 nestrum
671 1197 692 1240 a
707 1176 858 1257 mortuis,
885 1178 941 1270 qui
959 1177 1099 1243 traditus
1116 1175 1157 1267 eli
1167 1186 1298 1272 propter

229 1273 342 1346 ielitle
359 1274 482 1362 molire,
499 1269 538 1347 (5
553 1271 727 1354 resurrexit
741 1287 868 1365 propter
880 1273 1137 1369 juflficotionm
1152 1277 1300 1371 nostram.

229 1375 319 1450 Hoc
332 1376 367 1445 ln
383 1375 469 1444 loeo
485 1370 584 1464 qood
600 1363 708 1460 dicit,
725 1374 805 1443 Non
817 1390 943 1468 propter
958 1377 1056 1468 iplum
1069 1389 1219 1467 rentem,
1247 1378 1301 1449 in·

228 1474 463 1570 telligendum
480 1470 530 1544 est
546 1471 591 1544 de
610 1469 706 1564 ipso:
733 1469 767 1546 de
785 1472 914 1548 iterum
931 1473 1029 1565 quod
1048 1475 1153 1565 dicit,
1180 1478 1244 1548 Sed
1259 1477 1298 1553 ὕ

226 1592 353 1672 prepter
372 1598 444 1648 noe,
472 1572 547 1646 hoc
562 1569 632 1647 est.
658 1570 691 1642 dt
711 1570 756 1643 de
774 1574 893 1648 nobie.
946 1572 1177 1648 Manifestum
1202 1596 1298 1650 narn·

228 1673 299 1765 q'ue
322 1671 392 1764 est,
419 1675 501 1765 quie
526 1671 621 1764 hoc,
647 1671 748 1762 quod
771 1671 924 1759 dicitur,
963 1677 1105 1744 credidit
1129 1675 1295 1747 Abrabam

229 1781 315 1852 Dee,
338 1777 377 1847 U
402 1787 582 1866 reputatum
605 1773 644 1864 ‘fl
664 1771 716 1841 elle·
736 1772 776 1840 ad
793 1772 969 1868 jussissem,
997 1793 1073 1846 non
1101 1789 1297 1868 propterea

225 1871 377 1967 Moyses
396 1869 544 1962 scripsit,
563 1883 604 1942 ut
621 1868 801 1946 Abraham
817 1873 965 1965 legeret,
987 1875 1188 1964 quietique
1208 1877 1295 1950 olim

224 1972 343 2048 iuerat
361 1969 570 2044 defendor:
595 1955 656 2042 sed
679 1982 722 2043 ut
745 1990 814 2044 noe
836 1970 1036 2061 profestum
1058 1969 1142 2046 fidei
1165 1994 1210 2045 ex
1230 1976 1295 2048 hu·

223 2068 380 2172 jusmodi
398 2068 553 2145 leilione
569 2089 797 2161 cuperemus,
824 2069 1089 2164 intelligentes,
1117 2074 1198 2162 quii
1214 2073 1248 2145 dr
1267 2075 1293 2149 s1

222 2189 293 2250 nos
313 2175 363 2243 ita
382 2170 567 2244 credemus
585 2169 695 2258 Deo,
721 2183 762 2241 ut
776 2170 838 2245 ille
853 2171 1024 2254 credidit,
1050 2174 1157 2245 etiem
1184 2176 1292 2247 nobie

221 2273 448 2365 reputabitur
468 2267 558 2342 fidet
580 2269 623 2340 ud
639 2268 809 2362 justitiam
834 2272 1029 2341 credemibus
1055 2278 1092 2340 ln
1118 2297 1209 2363 eum,
1236 2280 1293 2369 qui

216 2373 394 2465 suscitavit
420 2369 532 2468 Jesum
554 2369 714 2466 Chrijium
741 2374 916 2442 Dominum
939 2372 1077 2466 nostrum
1099 2399 1119 2443 a
1142 2381 1292 2451 mortuis.

220 2471 344 2548 Velim
371 2467 453 2543 sane
478 2468 683 2560 requirere,
710 2468 890 2560 quidest,
915 2476 1014 2561 quod
1040 2476 1075 2545 in
1102 2474 1176 2545 hoc
1202 2475 1292 2548 loco

219 2569 421 2665 Apostolus
448 2569 568 2644 Deum
593 2571 804 2657 nominant,
839 2572 896 2642 cul
930 2572 1127 2661 eredimus,
1163 2573 1195 2642 dr
1231 2578 1290 2648 cui

220 2670 404 2748 noralem
424 2669 602 2760 credidit,
628 2689 706 2750 non
726 2670 836 2744 dixit:
874 2671 1079 2742 credentibus
1104 2676 1142 2746 in
1169 2672 1288 2746 Deum

220 2768 420 2862 excelsum,
446 2770 528 2858 vel,
555 2770 750 2839 credemibus
768 2772 805 2839 e'n
820 2793 906 2856 eum,
933 2776 991 2864 qui
1004 2773 1093 2843 fecit
1108 2774 1236 2844 coelum
1255 2773 1290 2845 dt

219 2883 373 2960 merim,
399 2871 481 2955 vel,
503 2873 553 2937 in
573 2890 657 2953 eum,
684 2870 744 2961 qui
768 2869 857 2942 iecit
880 2870 1044 2966 Angelos
1069 2885 1288 2963 caetermque

219 2968 368 3046 celestis
385 2971 509 3065 glotiae
526 2971 700 3053 virtuteet
725 2966 785 3041 sed
809 2969 876 3041 uit:
901 2973 974 3063 Qui
986 2972 1156 3060 lusitavit
1178 2976 1291 3043 Dumi-

215 3091 296 3142 num
312 3067 426 3166 Jesuer
443 3095 463 3140 a
481 3071 625 3140 mortuis.
652 3071 736 3166 Qun
750 3087 839 3164 ergo
857 3069 902 3141 de
920 3071 1019 3142 cause
1041 3071 1084 3142 ed
1104 3091 1289 3165 compara·-

217 3170 357 3247 tlonem
373 3165 618 3242 fldelAbrehae
635 3170 761 3240 titulus
778 3167 841 3241 iste
858 3168 1287 3246 resurresllonisDomini

217 3267 419 3361 ellumltur,
444 3270 674 3359 requiramus.
726 3266 910 3358 Numquid
938 3270 1118 3345 Abraham
1142 3274 1178 3343 in
1203 3292 1287 3347 eum

215 3370 438 3454 crediderat,
465 3370 524 3461 qui
542 3364 723 3440 suscitavit
738 3366 935 3442 Dominum
952 3369 1068 3463 Jesum
1084 3392 1103 3441 a
1117 3373 1285 3460 mortuis,

215 3489 300 3544 cum
326 3469 425 3564 Jelut
453 3481 544 3542 tune
569 3469 732 3543 nondum
759 3465 876 3548 fuisset
900 3468 1126 3542 resuscitatus
1151 3492 1169 3541 a
1192 3491 1288 3544 mor·

214 3566 314 3646 tuis?
362 3569 483 3641 Velim
501 3587 591 3664 ergo
607 3568 852 3659 considerare,
879 3570 962 3659 quid
983 3568 1094 3642 visum
1110 3568 1153 3642 slt
1169 3568 1282 3642 Panlo

214 3668 445 3766 promittenti
465 3670 592 3756 nobis,
618 3665 835 3756 quia,s1cut
861 3667 1015 3742 Abrahae
1040 3682 1207 3762 reputate
1233 3669 1285 3742 est

214 3768 378 3844 credenti
403 3764 492 3840 fides
509 3768 553 3840 nd
573 3765 765 3859 iustitiam,
791 3768 841 3839 lta
867 3767 901 3840 dt
925 3769 1032 3843 noble
1057 3770 1285 3859 reputabitur

215 3867 444 3943 credentibus
466 3868 502 3943 in
523 3887 628 3961 cum,
657 3870 717 3958 qui
739 3865 920 3941 suscitavit
942 3869 1059 3963 Jesum
1084 3869 1285 3942 Dominum

211 3966 376 4046 nostrum
398 3989 419 4042 ι
435 3968 602 4070 mortulo.
651 3968 695 4043 ln
712 3969 786 4061 quo
800 3987 871 4068 ego
886 3989 955 4062 pro
971 3971 1151 4063 parvitate
1166 3966 1284 4042 sensus

1160 4091 1230 4143 met
