2825 4559
237 217 309 354 'ru
332 271 504 354 rerer.
533 271 612 382 no
636 259 868 350 nonno.
893 271 997 350 ura.
1018 225 1074 351 rr.
1145 276 1196 408 53

118 446 173 514 rin
188 446 277 512 amni
289 441 349 511 loca
358 487 371 522 ,
386 436 426 516 sss
438 442 476 561 iar
492 441 578 510 amni
590 453 700 555 genre,
722 434 879 553 'quifacir
894 437 1096 553 voluntatem
1112 440 1195 536 ejus,
1281 537 1283 544 Ι

129 535 1194 736 bissiniss'irsssgniss'iso&sinisii-¹933&12⁰3ss
1230 661 1234 667 -

85 815 88 820 ,
117 767 201 832 ,που
210 741 417 842 judicabitur.
467 741 537 833 Qui
551 755 655 810 autem
671 740 866 823 nm'credir,
879 743 950 835 jam
965 744 1125 845 judicatur
1142 743 1194 837 esi:
1310 777 1312 784 ·

129 847 296 941 quianon
316 844 417 912 credit
433 844 471 910 ira
488 839 613 910 armine
629 841 792 932 unigeniti
814 839 894 944 laJrlii
917 844 991 916 Dei.
1044 839 1113 913 Sed
1140 845 1194 915 vi·

130 945 280 1016 deamus
300 941 488 1032 quomodo
503 959 579 1012 non
591 938 806 1033 judicamur,
826 941 884 1028 qui
901 941 1077 1015 credimus
1094 939 1195 1016 Chri·

129 1041 211 1134 sto,
236 1055 279 1114 ut
304 1037 451 1114 sciamus
478 1039 667 1128 quomodo
692 1038 726 1109 dr
751 1038 813 1110 ille
835 1037 911 1130 ¹jam
936 1040 1111 1129 judicatus
1139 1042 1193 1129 sit,

131 1144 193 1235 qui
213 1160 289 1224 non
306 1139 434 1217 credit.
465 1138 732 1230 Numquidnam
749 1153 931 1229 putamus,
955 1141 1016 1231 qui
1036 1141 1194 1214 credide·

128 1244 180 1315 'rit
204 1241 244 1314 in
267 1238 431 1333 Christo,
457 1240 490 1311 dt
512 1237 594 1330 pust
619 1239 693 1309 boc
717 1238 948 1313 homicidium
973 1240 1034 1312 vel
1058 1242 1194 1314 adulte·
1269 1241 1271 1250 '

128 1342 221 1416 rium
238 1337 474 1430 commiserit,
493 1352 553 1409 aut
569 1335 690 1410 sallum
712 1337 951 1412 testimouium
972 1341 1114 1430 dixerit,
1132 1353 1194 1414 aut
1274 1379 1277 1386 ·

130 1437 489 1532 'aliquidbujurmodi
513 1437 680 1533 gesserit,
708 1457 785 1526 quae
811 1458 1068 1530 nonnunquam
1094 1442 1194 1516 vide·

128 1560 210 1616 mus
232 1538 421 1612 admittere
443 1541 548 1610 etiam
570 1531 714 1624 fideles,
747 1537 828 1625 quia
854 1556 923 1631 pro
946 1539 1000 1610 his
1020 1541 1194 1628 jamnon
1285 1629 1288 1636 Ι

124 1639 366 1736 judicabitur,
384 1638 444 1728 qui
461 1636 613 1710 credidit
630 1638 665 1708 in
682 1632 853 1723 Christo?
886 1635 1032 1710 Certum
1049 1637 1099 1710 est
1115 1641 1207 1713 haec·

131 1738 254 1814 omnia
273 1738 400 1812 venire
419 1735 463 1808 ad
477 1735 673 1828 judicium
700 1733 735 1830 br
757 1733 843 1810 ideo
868 1735 915 1810 sic
941 1738 1193 1834 intelligendus
1239 1765 1246 1774 ·

130 1837 185 1913 est
202 1837 351 1912 Domini
369 1837 508 1925 sermO,
536 1855 640 1926 quem
657 1833 765 1906 dicit:
792 1838 862 1928 Qui
876 1840 974 1912 credit
995 1845 1032 1906 in
1051 1864 1109 1924 mr,
1125 1865 1193 1909 orm
1262 1929 1264 1934 Ι

129 1938 348 2034 judicabitur,
375 1937 456 2028 quia
481 1933 673 2010 secundum
697 1933 794 2028 huc,
818 1938 916 2024 quod
942 1938 1093 2010 eredidit
1114 1959 1193 2013 nun

126 2038 348 2133 judicabitur
370 2033 464 2125 quasi
490 2034 695 2108 incredulus
724 2033 959 2108 &infidelisz
986 2038 1030 2109 de
1058 2036 1194 2113 aiiibus

131 2157 228 2211 vero
242 2134 310 2209 suis
326 2134 399 2208 sine
417 2133 528 2209 dubio
542 2132 776 2228 judicabitur.
825 2134 879 2207 lta
897 2157 984 2231 ergo
1001 2137 1034 2208 dr
1049 2140 1108 2210 ille
1124 2138 1193 2230 jam

86 2279 91 2286 ·
127 2238 307 2332 judicatur
332 2232 406 2327 est,
432 2235 592 2324 quinon
620 2232 754 2324 credit,
779 2231 969 2308 secundum
995 2236 1069 2310 hoc
1090 2238 1195 2329 quud

129 2357 208 2413 oon
225 2334 397 2423 credidir5
424 2332 560 2408 &sicut
579 2332 763 2416 credenti,
779 2335 802 2408 fi
821 2334 1037 2409 extrinsecus
1049 2339 1194 2431 peccati

129 2436 266 2527 aliquid
287 2430 519 2523 commiserit,
546 2430 641 2506 salva
662 2428 757 2534 fide,
779 2435 951 2527 judicium
975 2452 1116 2524 manat3
1143 2440 1194 2511 ita

131 2537 169 2609 u
184 2556 259 2609 non
276 2533 457 2626 credenti,
484 2525 594 2623 siquid
611 2534 697 2607 boni
714 2537 834 2626 operis
851 2533 1015 2628 gesserit,
1038 2551 1193 2631 excepta

102 2661 106 2666 ·
127 2631 365 2724 infidelitate,
382 2632 625 2706 remuneratio
642 2651 718 2703 non
737 2636 878 2724 peribit.
904 2634 982 2708 Nisr
999 2633 1097 2708 forte
1115 2639 1193 2727 quis

131 2735 265 2825 aliquid
282 2754 393 2828 grave
416 2732 694 2832 &intolerabile
715 2734 807 2804 velit
827 2732 1014 2825 objicere,
1040 2751 1082 2808 ut
1099 2737 1195 2809 dicat

111 2855 216 2909 ,eum
241 2835 298 2925 qui
327 2845 473 2925 peccat,
500 2829 780 2922 computandum
806 2851 883 2904 non
911 2831 1095 2909 esse.inter
1118 2856 1195 2908 cre·
1229 2843 1234 2850 '

130 2937 280 3017 dentem
306 2933 388 3023 quia
402 2931 425 3004 sr
440 2932 562 3004 credat
580 2932 679 3022 quis,
699 2950 775 3003 non
790 2945 936 3034 peccat:
957 2930 1099 3028 livero
1111 2958 1195 3030 pec·

131 3049 217 3124 cat,
242 3055 288 3105 ex·
312 3034 385 3106 hoc
405 3031 483 3124 ipsu
504 3046 690 3125 arguatur,
719 3031 818 3121 quod
840 3051 917 3104 non
937 3034 1071 3112 credat.
1122 3037 1195 3109 Sed
1244 3077 1247 3088 ·

131 3135 212 3207 hac
239 3152 341 3239 quam
366 3129 454 3202 dura
478 3128 521 3204 sit
544 3130 720 3204 sententia
746 3131 833 3203 nulli
849 3134 1059 3226 ambiguum
1087 3150 1193 3232 puto.

135 3235 283 3327 Quotus
311 3232 403 3304 enim
428 3234 579 3322 quisque
603 3231 809 3302 invenietur
838 3230 875 3303 in
903 3234 1037 3324 terris,
1060 3236 1118 3323 qui
1143 3238 1195 3310 ita

132 3334 247 3404 vitam
272 3332 364 3404 suam
390 3331 524 3427 libret,
557 3342 597 3401 ut
622 3331 657 3402 in
682 3330 783 3402 nullo
810 3332 953 3418 penitus
982 3333 1194 3424 delinquat?

130 3431 205 3504 Sed
226 3430 434 3524 &Joannes
454 3423 653 3522 Apostolus
675 3432 711 3502 in
735 3426 894 3521 Epistola
921 3429 979 3503 sua
1004 3436 1195 3507 evidenter

132 3532 242 3604 etiam
257 3531 470 3624 opinionem
489 3529 695 3622 hujusmodi
709 3542 836 3621 notat,
855 3548 936 3603 cum
949 3532 1053 3606 dicit:
1081 3537 1195 3631 Siquis

131 3633 213 3704 dicit
227 3638 303 3728 quia
318 3646 475 3726 percaram
489 3652 556 3699 nan
572 3629 681 3713 haber,
707 3629 761 3698 hic
777 3631 910 3699 mandax
929 3625 988 3726 esi,
1014 3630 1053 3707 έῖ
1069 3640 1195 3705 ueritas

131 3736 174 3828 in
190 3754 224 3801 eu
240 3755 305 3802 nan
324 3730 376 3825 ιβ.
428 3733 587 3801 Sinerem
602 3730 938 3825 confiteamarpeccara
954 3731 1077 3830 nostra,
1100 3735 1195 3805 siala-
1309 3781 1327 3823 ,

130 3855 202 3904 mur
221 3834 407 3903 advocatum
431 3831 513 3926 apud
537 3831 682 3915 Patrem,
711 3831 821 3940 Jejunq
842 3828 982 3925 justum,
1007 3838 1063 3929 qui
1085 3848 1195 3905 exorat

125 3952 187 4030 fro
204 3935 342 4052 [decuria
365 3930 492 4027 ηψπ).
541 3925 633 4018 Huc
656 3946 745 4028 ergo
765 3951 784 4006 a
807 3930 916 4017 nobis
932 3931 971 4006 ill
991 3932 1065 4048 hou
1091 3936 1194 4028 locu,

174 4089 178 4094 .
1043 4047 1166 4132 qruur.
