2825 4559
133 385 135 392 ,
221 256 1121 440 3⁶4-onrcuu1scouueurasn
1199 430 1206 438 .

219 493 342 586 sante,
369 514 388 564 a
415 492 586 565 charitate
611 491 680 566 Dei
704 493 791 566 dicit
813 492 848 567 se
863 492 963 587 posse
980 495 1128 588 divelli,
1156 514 1227 569 nec
1244 497 1298 569 ul·

220 595 294 667 lum
309 608 367 667 tot
383 587 664 680 aduersariorum
683 612 812 686 capere
827 609 985 685 metum,
1011 609 1053 667 ut
1067 616 1156 668 vere
1173 594 1298 669 osten-

221 693 345 784 deret,
366 692 470 796 ⁴quud
485 687 643 787 perfetta
659 694 810 765 charitas
829 692 922 765 &ex
938 691 1016 787 ipso
1032 694 1128 767 foras
1140 697 1213 787 jam
1230 696 1295 770 mi·

219 791 264 868 stt
287 794 477 866 timorem*
517 791 654 865 Habuit
676 794 771 865 enim
794 794 986 884 aliquando
1006 797 1112 868 etiam
1130 792 1202 886 ipse
1219 815 1299 867 me·

222 905 323 977 tum,
352 892 387 963 δι
406 891 545 981 timuit,
566 912 612 963 ne
630 890 728 963 forte
748 892 910 966 caderet:
930 887 970 965 ⁴&
986 892 1072 985 iste,
1099 895 1158 984 qui
1175 894 1293 968 modo

222 988 414 1063 coelestium
441 992 617 1063 virtutum
650 989 837 1065 adversum
863 990 899 1064 se
931 993 955 1066 sr
982 1012 1290 1070 commoveantur

219 1089 315 1163 bella
340 1110 416 1163 non
438 1092 576 1177 timuit,
604 1089 794 1179 aliquando
812 1111 955 1164 carnem
971 1091 1064 1166 suam
1083 1092 1227 1183 timuit,
1256 1093 1293 1164 ur

187 1223 192 1232 ·
220 1212 267 1263 ex
285 1213 326 1264 ee
342 1187 598 1285 consurgentes
611 1189 749 1263 infidias
767 1190 997 1278 formidavit,
1025 1192 1169 1284 quando
1194 1192 1293 1264 dice·

202 1291 286 1363 'bit
309 1277 466 1364 scribens
485 1289 528 1361 ad
548 1285 797 1370 Corinthiosc,
816 1296 944 1363 Marera
969 1313 1077 1386 carpus
1103 1316 1225 1378 mrum,
1253 1294 1294 1365 δ’

215 1383 380 1484 servituti
393 1389 545 1484 subjicio,
571 1413 612 1459 are
629 1389 738 1482 sarta,
763 1415 833 1460 cum
849 1391 925 1462 aliis
947 1394 1204 1485 predicaverim,
1233 1391 1295 1485 ipse

190 1507 194 1519 ·
220 1490 366 1586 reprobus
385 1485 518 1578 efficiar.
569 1487 618 1560 Et
642 1489 726 1562 ideo
742 1512 814 1583 prae
831 1494 968 1564 caeterie
988 1487 1154 1564 omnibus
1173 1491 1291 1563 carnis

159 1623 162 1632 =
219 1591 350 1666 insidiae
372 1586 604 1664 formidandae
624 1585 723 1682 sunt,
750 1590 876 1681 deine,
896 1592 955 1681 qui
972 1590 1017 1674 de
1034 1589 1140 1665 nobis
1156 1610 1291 1682 proce·

219 1692 297 1782 dit,
318 1686 427 1764 hostis
443 1686 515 1780 ipse
533 1691 714 1761 cavendus
728 1691 801 1779 est,
827 1690 947 1763 donec
960 1692 995 1761 in
1013 1704 1151 1762 tantum
1168 1690 1295 1786 prose·¹

219 1790 315 1865 stum
332 1788 455 1866 veniat
473 1786 608 1876 anima,
632 1803 673 1860 ut
694 1788 885 1863 dulcedine
907 1791 1088 1862 charitatis
1114 1788 1199 1861 Deo
1230 1789 1289 1860 ad-

219 1890 357 1976 urina,
384 1886 550 1980 corporis
574 1887 870 1980 blandimenta&
893 1892 1007 1961 carnis
1026 1890 1213 1975 illecebras
1233 1889 1293 1962 ab·

218 1989 424 2077 horrescet,
450 2005 542 2058 unus
560 2004 641 2062 cum
656 1986 740 2061 Deo
756 1986 896 2080 spiritus
912 1987 1013 2063 sabla.
1156 1997 1158 2001 ’

299 2114 355 2188 13.
387 2090 562 2159 Veritatem
581 2087 644 2164 diro
664 2112 700 2157 m
720 2088 865 2183 Cbrr'fta,
891 2113 955 2158 nm
972 2092 1127 2166 mentiar,
1153 2083 1290 2182 tesime-

218 2202 314 2269 nr'um
340 2190 424 2263 misti
440 2188 625 2283 perhibente
649 2187 838 2274 canscientia
861 2211 927 2258 mea
953 2192 990 2259 in
1016 2192 1143 2285 Spiritu
1164 2183 1290 2273 sanbdt,

218 2299 368 2397 quonium
387 2292 520 2386 tristitia
533 2286 574 2382 esi
591 2290 673 2355 mibi
689 2291 818 2381 magna,
845 2287 883 2363 U
908 2294 1079 2359 continuus
1103 2287 1187 2356 dabar
1204 2287 1291 2354 cardi

127 2431 129 2438 ·
218 2422 294 2472 mea.
350 2390 502 2489 Optabam
521 2394 604 2457 mim
625 2390 797 2457 anathema
822 2385 877 2478 effe
900 2391 961 2482 ipse
983 2414 1031 2481 ego
1053 2387 1218 2480 errr'fla'
1234 2407 1291 2478 pru

201 2507 204 2511 ’
213 2495 381 2592 frutribus
394 2496 490 2576 meir,
517 2492 572 2584 qui
582 2487 663 2576 suut
679 2493 874 2578 regnatimer'
886 2489 1051 2571 bernaium
1065 2512 1206 2571 earnem,
1235 2489 1291 2582 qui

176 2609 180 2616 ‘
212 2600 298 2689 sunt
318 2594 487 2683 Israelita,
512 2611 643 2684 quarum
666 2589 789 2677 adoptio
807 2587 845 2677 esi
862 2588 1021 2676 siliarum,
1048 2586 1086 2661 (5
1099 2589 1219 2679 gloria,
1249 2583 1289 2657 bs

210 2698 423 2797 rasamenta,
450 2690 489 2768 U
514 2691 688 2782 legislatio,
715 2686 754 2764 (Ἰ
779 2686 970 2782 obsequium,
998 2689 1035 2763 0
1057 2683 1288 2783 prarmssranes,

217 2819 351 2897 quarum
369 2809 499 2888 patrer,
525 2788 562 2863 (7
589 2813 628 2858 ex
653 2789 761 2880 quibus
790 2786 932 2883 Clarislur
948 2788 1130 2877 ‚secundum
1145 2811 1288 2874 caruem,

172 2965 175 2980 ,
218 2900 275 2991 qui
296 2895 334 2988 es
347 2893 442 2987 super
467 2894 574 2958 omniu
605 2890 690 2957 Deus
717 2883 895 2959 heneaulus
920 2894 958 2957 in
971 2889 1094 2974 sarcula.
1144 2886 1289 2959 Vident

217 2995 370 3081 Paulus,
398 2989 497 3080 quod
513 2985 536 3059 sr
555 2983 749 3058 secundum
766 3008 830 3077 ea,
855 2990 890 3059 in
908 2979 1035 3079 quibus
1052 2986 1153 3079 supra
1169 3006 1285 3077 expo·

217 3094 310 3187 suit,
335 3092 433 3166 nulla
449 3090 510 3179 vi,
538 3083 737 3157 coelestibus
758 3089 819 3159 vel
835 3086 1083 3176 terrestribus,
1109 3084 1290 3179 praelenti·

217 3197 287 3270 bus
306 3193 365 3265 uel
385 3188 515 3265 suturis
532 3182 802 3260 adversantibus
822 3183 1008 3280 stunpoffit
1024 3209 1042 3258 a
1058 3183 1186 3257 Christi
1205 3180 1289 3259 cha‘·

218 3297 326 3370 ritate
350 3288 524 3383 separari,
550 3285 771 3357 contrarium
795 3285 1063 3360 &incredibile
1088 3284 1289 3359 videretur.

219 3393 319 3490 quod
343 3399 443 3462 nunc
468 3387 589 3459 dicere
609 3387 862 3476 proponebat,
890 3399 1017 3477 optare
1035 3383 1103 3457 sea
1122 3382 1287 3474 Christo,

219 3493 326 3588 ¹quamn
350 3504 423 3565 tam
448 3485 730 3581 inseparabiliter
756 3484 949 3579 diligebat,
983 3486 1169 3558 anathema
1195 3478 1288 3567 fieri,

217 3598 294 3674 hoc
309 3588 378 3679 est,
399 3589 553 3661 alienum
568 3581 681 3668 effici;
707 3606 753 3655 ne
768 3585 944 3658 mendacii
960 3598 1085 3657 notam
1101 3584 1216 3655 subire
1232 3584 1287 3653 vi-

219 3694 386 3773 deretur;
411 3682 684 3776 satissastionem
704 3685 910 3777 praemittit,
937 3697 978 3755 ut
994 3703 1216 3775 nequaquam
1239 3680 1287 3753 de

219 3787 298 3886 ejus
323 3788 489 3864 sermone
514 3784 722 3871 dubitetur,
748 3784 782 3855 ne
805 3783 912 3858 dicit:
954 3789 1131 3854 Veritatem
1156 3784 1224 3852 dica
1250 3786 1288 3850 in

222 3891 367 3985 Cirrifla,
393 3913 461 3960 nan
486 3888 641 3972 mentior,
670 3884 878 3978 tessimonium
903 3887 985 3953 mibi
1008 3885 1191 3978 perhibente
1215 3905 1288 3952 rurr-

160 3992 352 4143 *lebraria
373 4012 441 4066 urea
466 3991 504 4062 in
528 3987 660 4084 Spiritu
677 3981 802 4080 sendo,
855 3983 925 4062 Sed
941 3983 1169 4153 rideamus&
1178 4001 1290 4071 quare

211 4115 214 4120 ·
447 4129 450 4134 -
1088 4153 1091 4160 ,
1161 4100 1240 4156 rue·
