2825 4559
194 367 200 377 '
251 347 514 476 m'srrs'r.
539 393 621 471 ao
645 394 872 477 nomas.
899 395 1000 474 Lm.
1027 395 1098 479 tr.
1153 422 1222 501 197
1251 411 1273 478 t.

154 563 284 634 metur.
312 558 420 632 Unde
442 561 595 633 arbitror
615 580 688 640 nec
698 559 799 656 posse
813 561 1034 655 quempiam,
1060 580 1129 635 nec
1148 583 1221 637 me·

155 663 225 731 reri
250 653 375 731 futura
395 663 485 731 iliius
506 657 628 756 gioriae
650 659 726 734 fieri
751 682 940 756 capacem,
966 661 1059 735 nist
1047 684 1117 760 pam
1135 664 1221 736 hinc

154 753 300 831 usum&
321 762 590 833 meditationem
607 762 793 878 quamdam
811 762 886 854 ejus
902 764 1072 854 accipiat,
1098 760 1221 866 secun·

153 857 237 929 dum
258 861 353 951 quod
372 860 570 954 Apostolus
587 860 710 951 dicit,'
700 882 736 932 ιιι
756 862 900 953 speculo
919 883 994 933 eam
1012 862 1071 933 &
1060 882 1096 934 m
1114 859 1220 957 enig

151 975 248 1030 mate
268 959 500 1050 contuendo,
519 976 560 1031 ut
578 982 621 1031 ex
638 915 730 1033 ha’c
722 962 873 1056 imagine
887 962 1129 1040 meditationis
1150 963 1238 1038 affi-

152 1058 231 1127 duae
235 1080 357 1145 quarn
377 1063 413 1129 in
435 1079 542 1131 carne
561 1058 695 1153 positus
712 1061 756 1131 de
772 1061 893 1134 divina
912 1063 1025 1156 gioria
1042 1062 1146 1174 gerit,
1161 1086 1221 1157 pa·

149 1173 265 1225 ratior
286 1157 327 1227 ad
349 1160 580 1250 capacitatem
601 1182 694 1233 verae
709 1161 800 1233 iliius
802 1163 940 1257 gloriae
959 1182 1024 1254 per
1045 1166 1218 1239 virtutem

150 1247 271 1328 lintri
278 1257 428 1349 Spiritus
444 1258 687 1335 transferatur

226 1379 259 1450 9
286 1362 364 1426 lion
377 1359 425 1446 sol
427 1386 476 1426 um
493 1379 616 1443 autem,
635 1360 690 1447 sed
705 1361 744 1434 (Ἰ
756 1360 961 1456 gloriamur
949 1384 986 1428 rm
1001 1359 1246 1431 tribulationi·

151 1456 229 1546 bus,
252 1461 404 1543 scienter,
430 1464 504 1556 quio
523 1461 693 1531 tribulatio
705 1466 901 1560 portentione
915 1479 1072 1555 operatur,
1088 1466 1217 1555 patim·

149 1562 199 1628 tia
214 1559 289 1627 vero
304 1560 535 1651 probationem,
559 1560 702 1655 probatio
724 1586 799 1629 vero
814 1562 918 1655 spani,
943 1561 1007 1653 sper
1025 1578 1130 1629 autem
1148 1586 1217 1632 mors

151 1658 338 1747 consentiri,
364 1662 439 1758 quio
452 1661 596 1730 charitat
613 1665 678 1730 Dei
700 1660 814 1754 diffuso
836 1661 876 1755 eft
900 1667 934 1728 in
949 1662 1086 1729 cordibus
1104 1663 1219 1756 rroJlrir

150 1763 382 1854 per·Spiritum
391 1758 560 1846 sarraliam,
585 1767 641 1855 qui
657 1763 751 1829 dotus
766 1761 803 1855 ιβ
816 1764 915 1835 molis.
948 1759 1083 1832 Primus
1099 1761 1216 1856 statim

150 1856 265 1929 sermo
298 1862 441 1951 capituli
471 1862 574 1951 hujus
603 1861 841 1953 ambiguitatis
870 1861 999 1949 aliquid
1032 1862 1231 1933 continet:-

148 1978 225 2030 non
256 1961 349 2031 enirn
374 1960 484 2030 habet
506 1963 542 2032 in
571 1959 896 2053 consequentibus,
924 1961 966 2031 ad
988 1963 1069 2049 quid
1090 1961 1217 2041 referri

152 2057 284 2129 debeat
307 2060 405 2149 quod
429 2060 611 2134 dixitzN
565 2063 644 2134 Non
657 2060 759 2148 solum
775 2079 893 2130 aurem.
945 2059 1054 2134 Unde
1081 2061 1164 2133 vide
1191 2058 1216 2134 st

149 2156 315 2250 poffimus
342 2160 415 2229 boc
438 2160 549 2231 modo
574 2148 851 2255 ambiguitatem
861 2160 1080 2233 elocutionis
1103 2158 1217 2230 absol·

148 2276 252 2334 vere.
288 2259 497 2356 Quoniam
488 2279 524 2330 ιιι
545 2245 793 2358 superioribus
804 2263 916 2333 muita
933 2262 1038 2331 nobis
1056 2282 1119 2352 per
1136 2259 1216 2330 Do

147 2358 280 2429 minum
306 2356 465 2432 nostrum
489 2355 605 2452 Jesum
631 2347 715 2431 crist
720 2358 808 2434 stum
826 2358 978 2452 praestita
996 2357 1064 2429 elio
1085 2359 1216 2449 perdo·

150 2458 239 2546 cuit,
248 2471 289 2531 ut
308 2478 388 2529 cum
409 2459 496 2529 dicit
512 2454 725 2548 justificatos
742 2480 810 2531 nos
827 2455 897 2530 eise
912 2480 956 2529 ex
976 2454 1045 2528 fide
1062 2478 1126 2547 per
1138 2457 1216 2528 Do

146 2560 281 2627 minum
299 2556 460 2630 nostrum
480 2555 597 2651 Jesum
615 2555 814 2647 Christum,
842 2556 955 2648 &per
972 2556 1082 2646 ipsum
1101 2554 1216 2629 acces·

112 2726 119 2741 ,
150 2654 222 2727 sum
240 2657 373 2727 babere
391 2658 588 2751 ingratiam
607 2655 793 2749 istam,per
809 2652 921 2748 ipsum
942 2658 1046 2727 etiam
1070 2657 1216 2750 gloriari

149 2756 185 2825 in
202 2754 261 2849 spe
277 2759 398 2850 gloriae
416 2756 506 2843 Deir
526 2757 576 2828 ad
593 2756 670 2830 haec
686 2759 820 2849 omnia,
843 2777 920 2849 quae
938 2752 1027 2829 ditia
1045 2753 1138 2843 stant,
1158 2775 1216 2826 re·

147 2854 231 2925 ferri
258 2871 347 2946 puto
374 2857 528 2945 debere,
557 2859 635 2928 bon
656 2857 756 2943 solum
782 2873 907 2933 auram,
933 2856 1007 2927 hoc
1029 2854 1097 2936 est,
1115 2854 1214 2927 ¹Non

146 2953 261 3026 solum
278 2968 416 3045 autem,
445 2959 522 3045 quae
540 2953 640 3053 supra
659 2958 750 3044 dini3
778 2956 835 3031 sed
852 2954 886 3027 δι
901 2956 992 3039 hoc,
1020 2955 1117 3044 quod
1136 2958 1214 3049 glo·

146 3056 278 3125 riamur
296 3056 330 3125 io
352 3057 643 3126 tribulationibus
661 3055 812 3151 nostris,
838 3075 904 3150 per
929 3054 1123 3127 Dominum
1148 3075 1214 3125 no·

146 3151 393 3248 strum·]esum
418 3153 595 3226 Christum
621 3157 801 3229 babemus.
861 3152 1008 3225 Caeteris
1026 3155 1158 3228 etenim
1175 3154 1213 3225 in

146 3254 382 3326 tribulatione
401 3253 642 3343 tristantibus,
661 3278 729 3327 nos
749 3255 868 3350 gratiae
885 3252 988 3345 ipsius
1004 3254 1139 3323 virtute
1153 3274 1214 3323 ro·

146 3353 287 3446 horati,
314 3355 350 3424 in
366 3355 658 3425 tribulationibus
673 3357 876 3449 gloriamur.
904 3352 1100 3424 Didicimus
1119 3374 1215 3422 nam-
1264 3441 1275 3451 ,

147 3472 219 3541 que
242 3474 375 3524 novam
402 3475 446 3526 ex
467 3454 670 3525 eruditione
688 3454 792 3545 ipsius
816 3452 1055 3546 disciplinam,
1083 3468 1123 3521 ut
1148 3472 1214 3541 per

146 3552 402 3624 tribulationes
428 3556 562 3627 bonum
589 3556 996 3645 pationtiae'capiamust
1042 3553 1214 3622 habentes

148 3671 244 3726 vcro
261 3654 396 3742 patient
400 3657 440 3723 iae
458 3654 593 3725 bonum
619 3654 825 3744 probabiles
840 3654 1060 3744 judicemur:
1088 3651 1121 3722 δι
1148 3670 1213 3743 pet·

148 3773 210 3843 pa
198 3753 356 3823 ientiam
377 3755 569 3825 muitarum
586 3754 859 3825 tribulationum
879 3752 1035 3842 probati,
1050 3748 1145 3843 spem
1162 3750 1215 3821 fu·

147 3865 238 3922 turre
265 3871 284 3922 a
313 3851 394 3921 Deo
426 3851 726 3923 remunerationis
752 3832 973 3925 h'abeamus:
1013 3870 1089 3942 quae
1115 3848 1214 3945 spes,
1317 3865 1319 3872 ’

148 3971 230 4040 quta
250 3951 509 4024 certa&vera
530 3950 603 4040 est
627 3972 703 4023 non
721 3950 913 4024 confundo
930 3948 1127 4043 sperantes
1157 3948 1218 4019 st
1311 3957 1319 3966 “

91 4162 94 4166 Ι
148 4052 231 4130 dem
251 4069 402 4140 uanique
421 4053 455 4125 δι
472 4050 569 4147 spem
589 4048 825 4235 corffquitur
849 4052 1008 4131 ebaritas
1024 4050 1128 4133 bes,
1156 4066 1246 4137 oum

717 4180 738 4264 3
1128 4167 1216 4226 om·
1312 4203 1315 4208 -
