2825 4559
232 295 315 446 ¹ru
340 328 525 479 eatur)
542 364 623 441 au
647 334 878 441 abusu.
903 361 1007 442 tiu.
1032 362 1095 440 rx.
1147 382 1236 460 rsa

234 542 268 619 8.
296 531 519 602 sollicitudine
535 552 599 597 non
612 529 707 621 pigri.
742 524 911 619 Superius
930 548 1032 618 eum,
1059 528 1119 617 qui
1135 547 1222 620 prae·

157 629 230 723 est,
263 633 300 704 in
325 628 563 703 sollicitudine
588 626 719 701 debere
745 624 813 699 elle
840 626 1088 727 commonuit:
1123 648 1221 703 nune

157 751 255 807 vero
282 731 447 803 omuibus
473 729 533 811 dat
556 729 629 801 hoc
654 727 691 799 in
712 747 902 801 commune
922 728 1153 819 mandatum,¹
1175 751 1223 803 ne

160 833 239 924 quis
256 824 417 903 nostrum
432 829 550 901 audiat
565 848 583 898 a
597 826 778 901 Domino:
807 825 906 898 Serve
919 829 1001 897 traria
1015 828 1052 904 (u
1066 834 1165 922 piger.

230 950 267 1026 9.
294 933 423 1025 Spiritu
438 929 614 1021 ferventes.
658 924 706 1003 Et
722 928 795 1000 hoc
813 924 856 998 ad
873 927 1059 1021 impigrum
1079 924 1222 1003 &solli-

156 1032 269 1105 citum
286 1027 427 1121 speilat.
455 1029 547 1099 Vult
563 1028 677 1112 enim,
703 1038 745 1099 ut
762 1046 851 1117 nos,
878 1029 937 1117 qui
954 1027 1014 1100 lub
1032 1028 1110 1120 lege
1127 1024 1237 1119 spiri<

156 1146 216 1204 tus
232 1132 412 1227 pivimus,
437 1127 524 1200 nihil
541 1123 732 1216 remilium,
749 1126 835 1197 nihil
852 1129 1016 1218 tepidum
1030 1120 1222 1201 habeamus

155 1234 193 1311 iu
214 1230 343 1319 nobis,
378 1224 434 1301 sed
459 1248 540 1301 cum
568 1225 716 1300 fervore
741 1223 902 1318 spiritus,
927 1226 961 1304 u
989 1230 1112 1302 calore
1136 1225 1232 1301 fidei.

157 1329 285 1403 cuneta
304 1347 520 1422 peragamus.
1099 1392 1101 1396 .

232 1452 288 1507 ιφ.
321 1434 456 1498 Domino
469 1429 657 1513 servientes.
715 1424 780 1499 llle
808 1424 969 1498 Domino
997 1423 1127 1520 servit,
1161 1427 1237 1518 qui·

151 1526 278 1626 potest
301 1529 438 1601 dicere:
466 1529 564 1600 Nobis
585 1551 668 1601 artur
686 1530 844 1601 Dominus
868 1527 961 1619 Jesus
982 1529 1142 1622 chrestus,
1168 1548 1225 1621 per

153 1655 248 1728 quem
262 1636 386 1719 amaria,
413 1629 450 1703 b
469 1654 525 1697 nar
540 1648 597 1721 per
614 1627 730 1722 ipsum,
757 1646 826 1698 nec
847 1628 937 1698 ultra
957 1628 989 1699 ei
1012 1643 1073 1698 aut
1093 1628 1220 1715 libide,
1276 1668 1278 1675 ·

156 1746 222 1805 aut
235 1730 400 1812 avaritia,
427 1741 488 1799 aut
504 1729 615 1798 inanis
633 1726 748 1822 gloria
763 1726 976 1800 dominatur.
1004 1726 1088 1822 Scio
1106 1743 1237 1815 auteur

156 1831 197 1905 iu
211 1830 394 1905 nonnullis
407 1830 618 1901 Latinorum
637 1830 896 1918 exemplaribus
910 1824 1052 1901 baberi:
1082 1821 1227 1922 ‘Tempora'

147 1932 351 2029 servientes.-
378 1929 476 2019 quod
492 1947 567 1999 nou
582 1928 666 2001 mihi
684 1928 829 1999 videtur
844 1928 1106 2003 convenienter
1121 1926 1229 1999 inser-

155 2045 260 2119 tum,
285 2027 347 2101 ulfi
372 2027 396 2101 fi
423 2028 499 2119 quis
522 2024 621 2098 forte
643 2027 693 2099 ita
717 2025 846 2099 ditium
870 2039 996 2119 putet,
1024 2039 1064 2101 ut
1089 2029 1126 2098 in
1150 2030 1237 2103 aliis.

154 2130 260 2207 idem'
273 2124 474 2222 Apostolus
492 2126 561 2199 tit:
600 2120 732 2221 Tempus
751 2129 842 2197 breve
856 2127 912 2223 esi,
937 2127 1081 2224 superest,
1108 2144 1145 2197 ut
1170 2134 1228 2224 qui

155 2232 280 2303 halent
298 2252 427 2309 uxores,
453 2243 606 2323 tanquam
629 2251 695 2299 nan
715 2226 864 2299 talentis
878 2228 960 2318 finr:
987 2229 1049 2298 vel
1075 2240 1115 2299 ut
1141 2228 1229 2301 illud

158 2328 293 2407 elifium
310 2326 380 2407 esti
410 2329 607 2403 Redimertlar
620 2342 761 2420 tempus,
778 2332 927 2422 quoniam
943 2329 1006 2397 dier
1021 2330 1099 2396 mali
1107 2327 1201 2413 sunt.
1290 2370 1296 2391 a

236 2451 293 2504 rt.
320 2432 381 2523 Spe
403 2429 591 2520 gaudentes,
618 2452 655 2495 m
681 2425 887 2497 tribulatione
911 2432 1079 2520 parientes.
1158 2426 1230 2519 Spe

160 2528 315 2628 gaudet,
349 2528 407 2618 qui
435 2546 510 2597 non
538 2523 681 2617 respicit
706 2547 748 2598 ea
776 2546 852 2617 quae
879 2528 1069 2617 videntur,
1102 2524 1160 2599 sed
1188 2548 1237 2600 ea.

163 2650 243 2724 quae
259 2648 334 2701 non
354 2625 521 2699 videntur
536 2623 735 2718 exspetlat3
758 2628 795 2697 bt
814 2627 874 2718 qui
891 2621 967 2717 scit,
982 2628 1062 2717 quia
1076 2652 1140 2698 non
1150 2630 1241 2717 sunt:

161 2736 321 2820 condigna
332 2723 485 2821 paffionrr
502 2728 599 2822 hujus
615 2730 761 2819 temporis
778 2732 817 2797 ad
829 2726 984 2817 faturum
998 2731 1149 2819 gloriam,
1166 2752 1240 2824 qua·

160 2830 357 2906 revelabitur
370 2831 406 2896 in
419 2827 517 2899 nolis.
544 2826 642 2899 ldem
657 2821 730 2916 ipse
745 2825 778 2897 δι
795 2828 830 2899 in
844 2828 1077 2901 tribulatione
1091 2830 1241 2921 patiens

161 2932 257 3018 erit3
286 2930 367 3019 quia
389 2929 558 2999 tributario
577 2930 770 3022 patientiam
792 2945 963 3022 operatur,
987 2935 1146 3020 patientia
1160 2953 1241 3027 pras

164 3034 343 3114 barionem,
367 3028 508 3120 probaris
523 3052 599 3096 varo
609 3026 711 3118 sparsit
739 3026 902 3101 filamen
927 3023 1143 3117 sermonem,
1173 3031 1241 3119 qu'l

166 3128 410 3220 subsequitur,
444 3129 674 3221 impleamus,
707 3125 840 3215 idest,
885 3132 1038 3200 Orationi
1067 3133 1235 3228 inflantes.

166 3230 209 3313 In
230 3249 305 3322 quo
330 3228 422 3300 enim
445 3250 520 3301 non
538 3225 662 3299 sufficit
677 3226 829 3300 humana
843 3227 1037 3325 fragilitas,
1064 3233 1237 3309 auxilium

164 3330 239 3407 Dei
259 3330 485 3403 orttionibus
500 3327 762 3417 implorandum
779 3324 839 3401 est'.
1238 3350 1244 3421 ζ

249 3449 304 3505 12.
337 3430 444 3524 Ufibas
461 3425 641 3511 saeuorum
657 3433 932 3502 communicantes.
969 3429 1119 3508 Memini
1135 3430 1238 3506 inla-
1271 3434 1274 3443 '

169 3530 255 3606 riuis
274 3529 534 3622 exemplaribus
560 3530 669 3622 magis
692 3528 837 3604 haberi:
865 3533 1034 3602 Mamrriis
1055 3531 1246 3625 sanilam

170 3635 450 3701 communicantes.-
478 3647 602 3700 verum
624 3635 695 3699 nos
718 3648 787 3699 nec
802 3625 1099 3707 cousuetudinem
1117 3634 1245 3717 turba·=

169 3750 342 3821 mus‚nec
361 3726 504 3801 veritati
523 3721 813 3821 prejudicamus‚
838 3729 990 3803 maxime
1007 3751 1086 3807 cum
1102 3747 1249 3823 utrum„

168 3850 241 3923 que
257 3829 455 3911 conveniat
474 3823 716 3901 aedificationi.
775 3824 869 3902 Nam
896 3828 1014 3905 usibus
1040 3830 1239 3913 linbiorum

168 3928 325 4017 bonella
347 3926 601 4019 succenset,
627 3946 702 3999 non
730 3927 823 4017 quali
849 3925 974 4023 stipem
999 3933 1250 4028 indigentibuu
1291 3988 1294 3999 .

169 4008 582 4154 wwium
598 4026 762 4123 nostrum
778 4047 863 4123 cum
875 4030 961 4133 iplit
976 4034 1280 4129 subbatismum

482 4162 485 4167 -
667 4124 777 4225 Εἰς
1107 4128 1244 4205 trabs.
