2825 4559
218 341 288 402 rto
379 312 660 394 ORIGENIS
699 312 1103 394 ‚communium

220 477 341 560 nostra
359 475 446 555 fiant
465 479 578 554 aliena
594 477 711 570 bona,
739 478 771 550 dr
791 480 932 552 illomm
954 477 1186 570 temperantia
1207 496 1276 550 no·

220 578 322 652 stram
340 579 525 670 redarguat
538 578 856 670 intemperantiam.
882 574 1003 652 Potest
1022 577 1136 649 adhuc
1152 576 1184 648 or
1202 580 1272 650 alio

221 676 334 750 modo
353 678 533 772 explanari
550 676 646 767 quod
663 667 772 750 dixit:
805 681 884 748 Non
907 676 947 773 api
969 676 1070 771 julius
1093 680 1276 772 quisquam,

223 777 285 848 vol
304 775 400 864 quod
423 776 488 854 uit:
522 779 600 854 Non
617 776 841 873 juflificabirur
862 780 899 844 in
920 773 1075 871 conspeisu
1098 790 1153 846 rue
1175 780 1277 844 amnis

222 880 359 947 vinem:
386 875 480 968 quia,
498 875 616 950 donee
636 877 714 966 quis
730 876 826 962 uiuit
841 875 876 946 in
894 894 1069 967 corpore,
1091 871 1276 966 justificari

223 994 300 1056 nun
319 972 456 1069 potest,
482 995 549 1052 nec
563 974 793 1066 pronunciari
807 972 940 1066 justus,
966 972 1025 1052 sed
1047 992 1127 1048 curn
1148 976 1277 1050 exierit

226 1073 272 1146 de
289 1089 465 1166 corpore,
492 1073 526 1146 dt
542 1075 587 1148 de
602 1075 687 1146 vitre
706 1072 809 1164 hujus
825 1091 939 1166 agone
955 1071 1163 1162 discesserit,
1189 1072 1279 1146 licut

226 1172 262 1246 &
277 1170 458 1263 Scriptura
473 1173 576 1247 dicit:
610 1171 666 1244 Ne
687 1173 910 1263 benificaueris
930 1173 1085 1242 hominem
1106 1188 1181 1244 ante
1202 1196 1282 1242 mor·

173 1347 176 1352 ,
227 1288 301 1356 iem,
317 1278 391 1366 quia
404 1272 500 1359 nescis
514 1297 578 1368 qua
591 1287 688 1342 eruut
704 1275 770 1367 ejus
786 1268 974 1361 nourffirna3
1000 1271 1177 1347 &iterum
1196 1271 1283 1344 dicit

227 1368 473 1452 Ecclefiusteo:
500 1373 547 1444 El
562 1373 695 1444 laudavi
710 1373 850 1444 homines
863 1370 1104 1467 defunilor,qui
1114 1373 1185 1467 jour
1198 1394 1281 1440 mer·

227 1476 281 1545 tui
294 1473 394 1557 sunt,
417 1474 513 1564 magis
529 1495 621 1569 quam
636 1478 749 1558 uiues,
763 1475 819 1567 qui
832 1471 933 1542 adlrrrc
947 1475 1092 1541 vivunt:
1112 1471 1285 1558 felmeum

221 1570 315 1665 super
333 1585 495 1666 utrosque,
522 1571 732 1667 qainondam
746 1587 844 1642 nurus
859 1571 909 1662 esi.
961 1570 1080 1644 Habea
1107 1569 1222 1645 adhuc
1248 1567 1282 1643 δι

229 1671 331 1742 aliam
348 1668 537 1763 scripturn
553 1668 783 1753 sententiam,
810 1690 886 1759 quae
901 1669 1006 1755 dicit,
1020 1669 1111 1759 ·qula
1127 1668 1284 1758 quicum·

231 1755 301 1860 due
317 1766 545 1860 minimue'est
562 1769 600 1842 in
616 1788 730 1866 regno
746 1768 838 1860 Dei,
863 1770 978 1860 major
999 1766 1041 1840 srt
1066 1786 1135 1854 eo,
1160 1767 1219 1856 qui
1247 1769 1285 1840 in

230 1886 388 1959 corpore
410 1864 481 1962 est,
507 1867 639 1942 etiamst
658 1869 815 1962 joannet
835 1868 894 1946 ille
910 1866 966 1957 fit,
976 1886 1048 1957 quo
1064 1865 1179 1957 major
1193 1866 1288 1938 intel·

228 1979 335 2046 natos
355 1968 538 2040 mulierum
558 1985 634 2042 non
650 1966 728 2042 fuit.
744 1969 822 2040 Non
837 1968 874 2062 est
891 1985 978 2061 ergo
988 1965 1091 2061 jullus
1109 1967 1286 2061 quisquam,

230 2063 281 2140 Et
301 2065 455 2138 addiditc
479 2069 561 2144 lum
577 2068 615 2162 est
632 2068 823 2159 intelligens.
872 2062 921 2136 Et
941 2084 1069 2140 revera
1091 2083 1171 2138 cum
1188 2066 1291 2155 Apo·

231 2162 344 2238 stolus
362 2162 434 2256 lpse
453 2179 612 2256 exparte
629 2164 663 2237 se
681 2166 777 2236 dicat
791 2164 995 2259 agnoscere,
1013 2162 1044 2235 dr
1062 2177 1222 2255 exparte
1238 2163 1291 2234 in·

232 2264 415 2356 telligere‚
444 2265 519 2352 quis
539 2263 629 2354 crit,
656 2265 716 2353 qui
737 2264 873 2338 dicatur
891 2259 1117 2358 intelligenti
1167 2264 1291 2355 Quan-

232 2375 463 2452 tumcumque
490 2362 583 2436 enirn
607 2364 683 2454 quia
707 2364 944 2451 intellexerit,
970 2362 1006 2434 in
1028 2360 1173 2452 speculo
1197 2360 1229 2430 u
1252 2363 1310 2438 iu'

203 2495 207 2504 ·
232 2462 418 2555 enigmate
444 2461 625 2534 videbitur
649 2462 870 2554 intelligere:
896 2462 977 2551 quia
999 2459 1078 2552 post
1099 2459 1293 2551 deposrtio·

233 2580 316 2636 nem
337 2561 470 2636 terreni
488 2557 653 2653 corporis
676 2559 831 2633 refertur
853 2558 945 2632 facie
965 2558 1147 2634 adfaciem
1164 2558 1294 2634 intelli·

233 2679 340 2755 gere:
367 2680 463 2735 nunc
479 2662 720 2753 vero,‚utait
733 2659 932 2754 Scriptura:
962 2658 1169 2753 corruptibile
1184 2678 1292 2752 corpur

234 2776 388 2851 aggravat
411 2763 573 2843 animam,
603 2758 643 2838 σ
669 2760 814 2853 demergit
841 2774 968 2830 terrena
990 2758 1149 2830 habitatio
1167 2759 1293 2846 sensum

233 2858 336 2929 mulla
352 2865 548 2950 cogitantem.
590 2855 701 2931 Unde
716 2854 780 2948 fit,
806 2871 935 2932 utnon
951 2856 992 2932 sit
1007 2858 1190 2950 intelligerit*
1201 2861 1294 2948 quis,

233 2976 305 3030 nec
320 2964 482 3052 requiram
498 2961 611 3036 Deum,
645 2957 741 3030 Dum
760 2955 852 3032 enim
867 2958 1033 3050 corporis
1050 2954 1294 3030 sollicitudini·

204 3055 303 3129 ‘bus
327 3074 568 3148 occupamur,
594 3052 649 3140 u,
678 3076 754 3144 quae
770 3055 952 3130 hominum
968 3055 1068 3146 sunt,
1094 3058 1296 3147 querimus,

232 3150 357 3328 Peum
382 3173 567 3249 querere,
593 3155 656 3232 vel
671 3173 749 3246 quo
766 3152 838 3232 Dei
852 3152 931 3232 sunt
947 3156 1107 3250 cogitare
1121 3174 1197 3229 non
1214 3154 1296 3249 pos·

249 3273 361 3328 umus.
861 3273 863 3278 ·

311 3372 343 3442 3.
375 3356 487 3424 Omnes
511 3353 774 3438 declinavarunt,
795 3350 893 3446 fimus
925 3353 1059 3424 inutiles
1084 3351 1174 3445 fasir·
1201 3352 1294 3443 sunt.

234 3449 327 3526 Mihi
343 3450 506 3538 videtur,
533 3453 630 3544 quod
646 3471 721 3524 non
738 3449 866 3525 dicitur
883 3451 1082 3544 declinasse,
1095 3453 1156 3525 nifi
1170 3452 1215 3543 is,
1233 3449 1293 3543 dui

235 3550 427 3639 aliquando
443 3553 479 3626 in
496 3547 783 3626 vir'reiicstetit.
833 3547 942 3624 Unde
968 3566 1115 3645 apparet
1139 3553 1292 3644 primum

233 3650 322 3722 illud
337 3662 470 3722 naturae
483 3650 704 3724 rationabilia
719 3667 826 3741 opus,
837 3651 933 3738 quod
947 3673 965 3722 a
980 3652 1065 3732 Deo
1081 3647 1209 3725 fanum
1224 3651 1289 3743 est,

95 3791 98 3798 ·
234 3747 336 3826 fuisse
356 3747 511 3842 rollum,
537 3748 627 3824 &iu
644 3748 702 3820 vla
716 3742 811 3822 tesia
833 3747 1014 3824 creatoris
1028 3750 1131 3845 ipsrur
1147 3771 1295 3826 munere

239 3850 471 3944 collocatum.
521 3845 591 3920 Sed
613 3847 694 3938 quia
719 3848 761 3919 ab
777 3847 844 3920 hac
868 3849 911 3921 ad
927 3851 1050 3924 laevam
1068 3851 1207 3943 peccati
1226 3851 1295 3920 lter

237 3945 405 4036 detorsit,
430 3944 560 4026 merito
577 3965 672 4026 nunc
690 3946 820 4026 dicitur
837 3946 1043 4042 declinasse,
1068 3949 1156 4030 licut
1173 3969 1297 4145 {soem-
