2825 4559
308 375 372 455 lN
395 372 569 456 EPIST.
595 372 674 449 Au
698 369 930 456 ROMAN.
957 377 1060 458 Llssss
1086 379 1113 456 l.
1200 401 1244 464 u

254 560 290 635 3.
325 543 511 634 Segregaerre
535 542 574 608 a'n
599 537 813 633 Evangelium
838 543 911 616 Dei.
964 539 1004 616 ln
1031 540 1144 616 Paulo
1166 563 1244 622 non
1280 537 1283 544 ¹

153 631 254 722 ‘sola
282 642 456 737 generalis
486 641 640 712 vocatio
665 641 708 712 ad
737 633 993 733 Aponolatum
1022 641 1249 739 designatur,·

164 743 238 820 'sed
259 741 295 812 se
321 738 451 816 eleilio
478 740 643 834 protinus
668 739 859 813 secundum
888 739 958 814 Dei
985 739 1243 835 prescientiam

178 839 368 922 subsecuta
389 857 454 932 per
480 840 553 911 hoc
577 839 675 930 quod
700 837 898 935 segregatus
924 841 1055 917 dicitur
1068 843 1105 915 in
1128 842 1247 918 Evan·
1324 837 1326 842 ’

179 943 315 1042 gelium
338 939 429 1027 Dei;
452 937 546 1012 sicut
567 940 649 1013 alibi
672 938 747 1032 ipse
774 939 819 1013 dc
843 939 1004 1015 sedicit:
1038 945 1119 1014 Cum
1140 962 1248 1016 aurem

182 1041 369 1139 complacuit
394 1043 478 1123 Deo,
504 1043 560 1135 qui
584 1064 631 1110 me
652 1039 828 1134 segregavit
853 1043 889 1112 de
913 1056 1001 1112 utero
1022 1050 1138 1114 matris
1163 1070 1245 1132 mee,

182 1158 220 1218 at
242 1140 401 1213 revelaret
421 1140 544 1210 lilium
555 1139 649 1225 saum
664 1143 702 1210 r'n
719 1163 776 1213 me.
815 1140 927 1238 Quod
950 1156 1069 1215 tamen
1087 1145 1248 1222 haeretici

185 1243 232 1315 ad
248 1239 456 1314 calumniam
472 1253 629 1329 vocant,
656 1239 819 1313 dicentes
838 1260 918 1312 eum
937 1238 1156 1336 segregatum
1178 1233 1250 1320 ell‘e

187 1346 231 1416 ab
247 1355 354 1413 utero
369 1339 492 1413 matris
507 1338 574 1411 suae
592 1343 641 1412 ob
661 1340 756 1429 hoc,
784 1341 881 1430 quod
904 1342 941 1414 in
962 1360 1007 1414 eo
1028 1356 1161 1414 nature
1183 1348 1249 1418 bo·
1307 1409 1309 1418 .
1337 1412 1340 1422 .

154 1442 278 1520 nitas
302 1440 441 1526 inerat3
467 1438 556 1512 ficut
575 1441 784 1512 econtrario
810 1439 854 1511 de
880 1439 1042 1532 his„qui
1067 1445 1167 1515 malae
1191 1467 1252 1518 na·

186 1555 277 1616 turae
298 1537 400 1630 sunt,
426 1538 555 1612 dicitur
574 1539 611 1612 in
635 1535 797 1628 Psalmis,
825 1540 904 1630 quia
921 1540 1169 1635 segregassent
1187 1555 1253 1638 pec.

185 1655 305 1713 careres
330 1655 490 1715 sensero.
541 1636 625 1712 Nos
652 1650 770 1709 autern
797 1638 969 1728 dicimus,
1008 1641 1105 1731 quod
1132 1664 1253 1734 neque

186 1741 319 1816 Paulus
343 1738 523 1828 fortuito,
550 1751 612 1809 aut
633 1739 784 1809 naturali
811 1735 1012 1812 differentia
1032 1739 1165 1838 eletlup
1188 1745 1253 1837 eil,

186 1838 249 1919 sed
272 1837 459 1911 eletlionis
485 1836 552 1910 suae
576 1832 694 1910 causas
720 1837 758 1909 in
781 1835 970 1929 semetipso
995 1840 1094 1914 dedit
1119 1843 1172 1926 ei,
1199 1849 1256 1941 qui
1286 1839 1289 1844 ’

187 1939 255 2016 scit
271 1937 388 2010 cunila
402 1954 571 2036 antequam
579 1941 691 2028 fieren·
718 1957 834 2026 neque
855 1952 1094 2031 peccatores,
1122 1945 1180 2033 qui
1204 1945 1260 2017 se·-

190 2054 395 2136 parantura
411 2052 565 2123 ventre,
589 2036 718 2128 Judicis
737 2037 926 2128 iniquitate
940 2035 1155 2132 separantur.
1184 2043 1257 2117 De-

190 2145 302 2231 nique
327 2135 441 2211 stst'irn
459 2139 497 2211 in
517 2135 819 2226 consequentibus
844 2138 929 2209 vide
949 2141 1033 2231 quid
1056 2141 1102 2214 de
1125 2142 1179 2216 his
1206 2144 1257 2217 di·

193 2255 251 2314 cat
270 2237 389 2313 sermo
405 2237 562 2312 divinus.
600 2235 780 2327 Scriptum
798 2234 849 2309 est
866 2238 978 2313 enim:
1004 2243 1167 2334 Segregari
1179 2244 1258 2329 sune

189 2354 362 2442 peccatores
379 2337 417 2408 ab
433 2352 541 2416 utero,
565 2353 761 2407 erraverunt
772 2362 793 2407 a
806 2353 940 2424 ventre,
966 2342 1062 2412 locare·
1075 2340 1152 2430 [unt
1159 2343 1258 2434 false.

193 2439 230 2518 Si
244 2439 482 2531 intelligamus
500 2437 687 2529 quomodo
705 2433 844 2528 statim,
870 2454 912 2511 ut
931 2440 976 2511 de
992 2454 1123 2514 ventre
1137 2447 1260 2518 matris

196 2538 403 2632 procedunt
424 2550 660 2631 peccatores,
686 2551 923 2626 erraverunt,
951 2541 1009 2610 vel
1036 2541 1150 2612 locuti
1181 2543 1282 2618 sunt-

204 2637 306 2728 salsa‚
337 2637 473 2729 pariter
495 2635 748 2729 intelligimus,
781 2635 879 2725 quod
903 2633 986 2727 iusti
1015 2635 1220 2732 separantur
1243 2665 1263 2717 a

203 2751 343 2812 ventre.
395 2734 496 2831 Ergo
515 2735 549 2811 se
565 2733 716 2822 Paulus,
742 2733 842 2826 quod
861 2733 1061 2831 segregatus
1081 2739 1119 2813 in
1142 2738 1262 2818 Evan-

154 2833 159 2842 '
199 2839 332 2934 geliurn
361 2836 514 2927 dicitur,
545 2832 805 2930 &segregatus
831 2855 850 2907 a
878 2851 1007 2910 ventre
1030 2839 1152 2915 matris
1175 2840 1265 2938 suae,

201 2935 323 3010 causas
342 2937 377 3010 in
398 2955 467 3023 eo,
495 2935 679 3008 &merita
704 2935 831 3027 quibus
856 2935 892 3008 in
917 2935 991 3009 hoc
1011 2934 1181 3036 segregari
1206 2944 1273 3016 de-·

201 3036 348 3130 buerit,
373 3035 467 3107 vidit
487 3036 570 3125 ille,
597 3053 703 3125 quem
728 3053 805 3108 non
825 3037 916 3108 latet
933 3056 1047 3110 mens.
1098 3037 1268 3118 Praevidit

203 3135 326 3226 eninr,
353 3134 451 3226 quod
468 3131 730 3226 abundantius,
756 3153 861 3224 quarn
881 3137 1002 3209 ceteri
1020 3157 1147 3232 omnes
1167 3142 1269 3215 labo·

204 3249 347 3313 saturus
373 3232 460 3310 ellet
476 3236 513 3309 in
537 3229 762 3327 Evangelio,
788 3233 886 3325 quod
905 3234 1054 3311 infame
1072 3237 1204 3333 lle-sni,
1229 3243 1270 3317 in

206 3331 346 3432 frigore
362 3333 396 3406 dr
411 3333 593 3426 nuditate,
613 3334 781 3426 periculis
798 3336 1002 3428 latronum,
1022 3340 1189 3428 periculis
1203 3341 1271 3416 flu·

205 3438 368 3524 minum,
394 3435 562 3525 periculis
577 3434 706 3526 rnsris,
733 3433 987 3528 predicaturus
1004 3436 1091 3510 ellet
1106 3435 1277 3536 Evange··

205 3535 296 3614 lium
322 3531 475 3627 Christi,
502 3532 614 3606 sciens
628 3532 736 3623 lquod
762 3553 816 3605 vae
839 3531 900 3608 irbi
920 3532 1046 3609 essetsr
1067 3557 1142 3612 non
1163 3563 1276 3616 evan·

209 3637 403 3731 gelizsret,
431 3632 464 3704 de
481 3633 577 3724 quod
594 3644 835 3708 maceraturus
853 3632 940 3708 effet
954 3655 1088 3729 corpus
1102 3636 1218 3724 suum,
1239 3642 1276 3717 de

209 3733 377 3816 servituti
398 3731 635 3826 subjeetum,
661 3753 709 3808 ne
729 3731 829 3808 forte
851 3754 932 3809 curn
950 3736 1025 3810 aliis
1042 3739 1284 3837 predicallet,

212 3834 288 3928 ipse
301 3833 479 3927 reprobus
499 3829 713 3909 efficeretur.
754 3838 842 3908 llaec
859 3853 945 3930 ergo
964 3834 1123 3911 &multa
1141 3842 1207 3914 alia
1221 3843 1278 3920 his

211 3933 335 4018 similis
358 3936 395 4010 in
412 3951 460 4010 eo
479 3932 525 4006 de
547 3946 675 4006 ventre
697 3935 818 4006 matris
837 3935 1040 4028 previdens
1064 3937 1188 4034 lesus,
1206 3961 1299 4034 pru.

213 4035 271 4118 his
288 4033 489 4137 segregavit
500 4054 582 4116 eum
597 4029 914 4170 in-Evsugelium·
933 4103 952 4138 f
966 4037 1012 4120 Sl
1026 4045 1131 4123 suun
1142 4095 1156 4137 ,
1169 4041 1321 4220 ἓξὲξ
