2825 4559
221 381 270 459 το
369 326 665 441 omonms
703 361 1112 441 commnnrnn.

224 527 280 596 aiae
295 521 334 600 θ’
349 529 503 596 veritatis
522 530 558 596 in
578 527 651 620 lega.
704 531 777 622 Qui
797 550 872 598 vera
894 527 976 598 dates
997 526 1131 610 alium,
1149 523 1281 621 teipsum

224 626 408 694 mandatas:
433 630 489 722 qui
502 629 650 718 predicar
666 651 733 698 aran
745 628 938 719 furandum,
960 624 1106 716 furaris:
1131 632 1184 720 qui
1201 627 1282 696 dicis

225 745 293 796 nan
309 726 534 812 maritandum,
552 727 712 798 moriaris
722 752 738 816 .·,
758 734 811 828 qui
826 727 1020 797 abominaris
1037 726 1135 809 idola,
1155 726 1281 813 sacrile-

224 827 509 918 giumcammittir:
534 831 589 922 qui
606 831 643 898 in
656 828 717 920 lega
731 829 896 919 gloriaris,
919 845 975 920 per
986 829 1282 920 pravaricatianem

226 925 302 1016 lagia
318 927 421 994 Deum
436 926 616 998 dehonorat.
644 929 771 1000 Nomen
785 931 868 998 enim
885 927 950 997 Dei
960 946 1017 1020 par
1029 949 1083 992 aas
1099 925 1285 1018 blasphema-

227 1038 285 1094 tur
304 1027 392 1110 inter
409 1027 546 1112 Gentes,
570 1025 644 1113 ficut
652 1028 806 1119 scriplum
822 1024 870 1122 ali.
922 1023 1231 1122 Quemadmodum
1245 1026 1285 1096 in

227 1120 420 1215 scripturis
441 1121 665 1217 Propheticia
691 1124 982 1212 observavimus,
1006 1143 1083 1195 non
1106 1120 1217 1195 solum
1238 1123 1288 1194 di·

229 1224 346 1294 centis
365 1220 552 1314 personam
568 1226 722 1297 latenter
741 1223 905 1297 &subito
922 1223 1146 1314 commutari,
1158 1225 1286 1294 verum

230 1320 265 1392 da
285 1339 439 1415 eorum,¹
460 1323 503 1395 ad
521 1341 613 1413 quoa
635 1321 771 1409 sermo,
800 1325 859 1396 vel
882 1321 1071 1411 dequibus
1094 1320 1208 1393 sermo
1225 1319 1287 1392 lit:

228 1421 333 1493 verbi
349 1421 482 1515 gratia,
509 1435 549 1493 ut
563 1442 662 1494 nunc
678 1443 723 1496 ex
739 1421 850 1496 Patris
866 1419 1040 1515 persona,
1061 1439 1158 1492 nunc
1173 1441 1216 1492 ex
1232 1419 1289 1493 Fi·

228 1519 290 1611 lii,
317 1521 378 1592 vel
397 1517 547 1612 Spiritus
566 1518 692 1608 senili,
718 1542 815 1596 nunc
838 1522 942 1594 etiam
966 1540 1016 1592 cx
1031 1518 1181 1612 persona
1201 1517 1289 1591 Pro·

227 1618 368 1711 phem,
395 1633 455 1691 aut
475 1620 625 1695 aliorum
641 1623 885 1716 quorumlibet
909 1621 1022 1709 aliqua
1044 1619 1226 1707 dicentum
1253 1618 1288 1690 da

228 1736 327 1790 nunc
344 1718 484 1808 quidem
503 1716 619 1793 sermo
638 1723 681 1792 ad
702 1717 928 1794 israeliticam
947 1731 1113 1812 gentem,
1139 1730 1200 1789 aut
1224 1737 1289 1790 ex·

228 1828 326 1887 teras
346 1819 533 1908 nationes,
561 1821 680 1892 autad
697 1839 822 1912 reges,
850 1819 969 1890 autad
987 1819 1083 1890 mille
1099 1817 1187 1888 alios
1206 1815 1289 1888 diri·

229 1922 350 2009 gatoti
375 1917 424 1986 ita
441 1916 524 1992 mihi
535 1917 680 1992 videtur
694 1919 800 1993 etiam
812 1917 947 1992 haec'ad
957 1915 1142 1989 Romanos
1160 1913 1289 2006 scripta

231 2009 303 2086 elle
322 2011 500 2106 Epistola,
526 2028 567 2085 ut
584 2017 762 2092 interdum
785 2017 818 2088 dr
838 2016 989 2090 dicentis
1008 2014 1158 2106 persona
1177 2023 1292 2088 mut‘e·

231 2125 311 2201 tur,
338 2113 580 2202 &aliquando
594 2116 736 2207 quidem
758 2115 885 2188 Paulus
899 2113 1084 2208 spiritualis
1100 2116 1290 2206 loquatur,

231 2209 321 2284 sicat
335 2212 370 2283 in
386 2213 505 2286 multia
522 2209 690 2306 Epistolae
707 2217 821 2302 locis3
848 2211 1038 2306 aliqutntlo
1052 2231 1144 2285 vero
1161 2210 1290 2285 Paulus

232 2311 405 2401 carnalis,
432 2310 540 2403 sicut,
567 2317 670 2388 verbi
691 2316 825 2410 gratia,
852 2333 932 2390 cum
955 2313 1063 2386 dicit:
1099 2313 1163 2404 Ego
1183 2327 1294 2398 ¹ararem

232 2411 373 2479 carnalis
384 2412 453 2496 sum
466 2417 676 2485 venumdatus
692 2416 894 2511 lub'paccata,
921 2425 962 2485 ut
978 2409 1292 2497 ostendetur,cum

232 2507 401 2600 adipsum
419 2511 562 2602 locum,
588 2511 751 2590 Domino
769 2515 963 2608 dirigente,
992 2510 1209 2584 venerimus.
1236 2508 1294 2580 ln·

231 2609 371 2682 terdum
390 2614 481 2680 ve'ro
497 2607 539 2682 fit
556 2609 589 2682 n
606 2632 733 2689 eorum
749 2610 977 2707 personaaad
995 2627 1086 2699 qnos
1099 2605 1213 2682 sermo
1229 2607 1293 2694 est,

232 2710 494 2800 commutatio,
521 2711 571 2784 ita
585 2725 627 2786 ut
642 2733 741 2785 nunc
756 2713 799 2786 nd
815 2732 960 2785 omnem
975 2708 1223 2782 Romanorum
1241 2707 1291 2778 di·

233 2820 336 2878 catur
355 2803 568 2881 Ecclestnmt
603 2813 737 2886 Gratias
754 2836 808 2904 ago
833 2815 900 2881 Dea
913 2833 975 2878 maa
988 2827 1044 2902 par
1066 2806 1177 2902 Jesum
1198 2809 1292 2878 cari·

224 2906 309 3004 flam
333 2925 388 2999 pra
403 2909 543 2976 amnibus
560 2911 664 2994 valis,
698 2916 774 3008 quia
787 2911 868 3000 fidas
892 2907 994 3006 vaflra
1014 2911 1236 2976 annunciatur
1256 2912 1294 2976 iat

232 3005 383 3092 attinersa
399 3008 534 3101 manaim
562 3010 600 3082 in
616 3009 691 3082 aliia
711 3028 801 3082 vero
831 3027 906 3080 non
933 3006 974 3078 ad
1000 3025 1143 3082 omnem
1167 3003 1292 3078 Eccle-

231 3103 335 3196 siam,
362 3103 661 3200 senatoriam,
689 3111 748 3200 qui
763 3108 900 3200 judicat
914 3105 1043 3194 alium,
1069 3103 1190 3198 &ipse
1206 3103 1293 3176 iacit

233 3224 377 3294 ea,quae
390 3206 426 3276 in
443 3206 516 3278 aliia
533 3206 811 3297 condemnem&
829 3205 880 3279 est
896 3200 1153 3281 inexcusabilis.
1179 3201 1291 3280 Nunc

233 3303 353 3377 autem
374 3323 491 3395 neque
511 3304 553 3376 ad
573 3301 788 3396 Ecclesiam,
814 3325 932 3396 neque
955 3305 996 3376 ad
1018 3323 1111 3391 eum,
1128 3303 1186 3397 qui
1202 3301 1293 3394 judi·

233 3415 314 3493 cat,
342 3400 515 3477 lit-sermo
532 3404 612 3492 hic,
640 3405 676 3478 in
694 3425 767 3496 quo
785 3405 891 3478 dicit:
919 3406 958 3474 Si
975 3419 1079 3476 aulem
1102 3418 1138 3474 tu
1160 3405 1295 3498 Jadaeur

231 3504 476 3594 cognominaris,
501 3501 540 3578 (5
556 3508 717 3604 requiescis
733 3512 770 3574 in
787 3505 864 3596 lega,
891 3502 929 3580 (5
941 3503 1090 3598 gloriaris
1105 3507 1141 3574 in
1159 3505 1237 3578 Dea.
1254 3507 1293 3578 o

233 3602 383 3694 cognoscis
397 3603 597 3674 voluntatem
612 3608 701 3705 ejas,
729 3603 926 3694 drentem,
951 3623 1065 3694 usque
1083 3600 1125 3676 cd
1145 3619 1224 3676 eum
1242 3600 1296 3674 lo·

230 3719 312 3776 cum
328 3725 336 3772 :
374 3701 421 3772 Et
432 3702 612 3793 judicabit,
636 3707 717 3800 quad
732 3730 771 3776 ax
783 3722 903 3777 natura
918 3701 958 3798 eft
970 3706 1177 3798 preputium,
1203 3701 1296 3794 legem

228 3802 410 3897 perficiens,
438 3817 485 3890 te,
503 3807 560 3900 qai
570 3823 627 3898 par
640 3808 768 3876 literam
783 3803 822 3879 o
840 3802 1092 3895 circumcifianam
1106 3806 1296 3896 pravarica-

230 3919 284 3975 ιον
301 3926 332 3969 as
349 3902 433 3996 legis.
480 3903 581 3976 Sicut
597 3905 634 3978 in
653 3903 843 3999 scripturis
863 3901 1087 3993 Propheticis
1106 3900 1297 3995 vigilanter

225 4013 381 4092 oportet
397 4003 588 4080 intendere
605 4023 702 4100 eum,
713 4005 772 4100 qui
786 4003 867 4077 vult
880 4001 1152 4099 intelligentiam
1169 4016 1296 4076 eorum

1168 4117 1246 4191 quo
