2825 4559
226 305 316 415 ,³0⁶
392 294 682 413 onrotrus
724 243 1168 378 couururtu}

227 478 288 542 tur
304 460 597 538 raurueoarouu
614 460 648 535 dr
666 460 729 538 sub
743 469 899 557 peccato
917 463 1166 552 venundatus,
1194 460 1228 536 dr
1247 466 1303 537 lo-

231 566 353 661 quitur
367 584 431 655 er,
459 581 537 656 quo
552 560 619 635 illis
634 563 735 655 loqui
752 564 864 642 moris
881 561 1039 653 est‚,vei
1056 562 1301 638 excusationis

230 659 294 741 uel
309 661 542 762 incusationis
560 664 729 740 obtentu.
770 663 837 736 Ait
853 683 940 759 ergo
956 658 1052 739 dese
1069 678 1236 757 tanquam
1253 685 1302 739 ex

231 760 386 864 persone
401 764 547 838 illorum
561 763 736 856 loquens:
772 763 837 857 Ego
854 781 957 835 aurem
971 763 1215 854 tumulosum,
1241 791 1303 836 ve·

231 868 396 940 numum
419 863 478 953 [ub
496 878 639 959 peccaro:
663 863 738 939 hoc
762 862 831 956 est,
859 862 1051 939 secundum
1073 884 1217 938 carnem
1244 868 1301 938 vi·

234 984 357 1058 veut,=
373 964 410 1038 dt
426 965 465 1038 in
480 962 623 1059 peceati
639 963 854 1058 potestatem
878 965 1031 1039 libidinis
1055 964 1089 1037 dt
1113 964 1304 1057 concupis·

90 1113 93 1118 -
128 1083 131 1089 ’
232 1066 364 1142 centiae
376 1064 497 1158 pretio
513 1062 687 1139 reduetus.
738 1067 831 1157 Quod
845 1071 931 1136 enim
949 1087 1056 1161 operor
1072 1071 1189 1158 ignoro.
1216 1070 1301 1139 Nou

232 1171 319 1241 enim
332 1166 411 1267 quod
427 1167 499 1254 vrso
509 1164 620 1259 faciut
642 1164 695 1257 scd
712 1166 791 1262 quod
806 1168 874 1249 odi,
894 1167 954 1236 stoc
968 1191 1033 1259 ago.
1080 1165 1191 1263 Quod
1209 1186 1298 1263 ergo

228 1268 306 1356 tit,
334 1265 544 1359 quiaxiguoro
567 1264 647 1363 quad
666 1283 791 1361 operar,
817 1265 893 1340 non
920 1280 1041 1339 tamen
1066 1284 1143 1340 tent
1169 1266 1300 1360 ipsam,

233 1387 338 1461 quam
363 1378 535 1459 operatur
557 1366 657 1459 quir,
682 1366 844 1462 ignorat,
869 1367 956 1440 licet
980 1367 1128 1440 carnalis
1149 1366 1212 1455 sat,
1239 1364 1300 1440 sed

232 1466 372 1541 causam
385 1464 460 1550 rei,
485 1467 697 1562 omungit,
726 1466 855 1582 dicitur
871 1469 1048 1564 ignorare.
1075 1467 1187 1563 Quod
1203 1486 1300 1540 vero

105 1574 109 1580 ’
233 1567 342 1642 dicit:
375 1569 454 1640 Nou
470 1571 555 1637 tm'm
572 1569 653 1665 qdod
669 1568 741 1637 vrso
754 1588 831 1660 agot
852 1568 905 1654 sed
924 1569 1002 1663 quod
1016 1570 1082 1654 odi,
1108 1567 1189 1637 istud
1198 1566 1300 1658 facio,

233 1665 422 1766 ostendit5
439 1668 559 1760 quod,
580 1668 670 1740 iicet
685 1666 913 1762 carnalitfit,
940 1665 1050 1740 &sub
1067 1681 1221 1759 peccato
1236 1689 1300 1740 ve·

230 1769 412 1843 nundatue
427 1769 487 1859 qui
503 1768 580 1842 huc
591 1768 777 1860 loquitur,
802 1775 923 1842 tamen
940 1769 1048 1843 etiam
1064 1765 1222 1839 resistere
1240 1770 1302 1840 tli-

232 1866 443 1959 quantulum
461 1868 559 1940 vitiit
574 1880 748 1952 conetur,
781 1866 869 1963 legis
897 1866 1032 1941 scilicet
1055 1868 1223 1941 neturalir
1247 1869 1301 1942 iu·

231 1965 381 2058 strnue,
407 1964 466 2040 sed
483 1967 651 2040 vincatur
671 1987 693 2044 r
711 1966 808 2040 vitiis
831 1967 865 2041 dt
894 1968 1116 2060 opprimatur
1141 1966 1300 2042 invitutt

234 2081 278 2141 ut
290 2065 380 2159 saepe
396 2067 528 2140 accidit
544 2063 670 2161 (verbi
685 2064 841 2163 gratia),
858 2086 939 2141 cunr
952 2066 1131 2161 proponit
1145 2067 1224 2159 quir
1242 2087 1302 2160 pa·

231 2167 367 2241 tienter
389 2164 486 2240 ferre
507 2167 732 2262 instigantem
756 2165 810 2258 sc,
839 2167 873 2240 dr
894 2166 938 2240 td
959 2167 1122 2243 ultimum
1140 2168 1302 2240 vincitur

230 2266 423 2346 iracundia.
441 2265 622 2360 &patitur
641 2266 716 2341 hoc
729 2267 885 2340 invitus:
910 2263 1070 2341 irascitur
1086 2284 1174 2361 ergo
1191 2268 1300 2344 etiam

231 2387 313 2442 cum
332 2368 426 2441 nolit
442 2363 553 2440 irrsci.
587 2365 673 2440 Hoc
690 2364 785 2442 idem
801 2368 908 2442 etium
924 2368 1063 2443 timoris
1080 2367 1175 2438 vitio
1193 2372 1302 2450 acci·-

92 2535 95 2540 .
216 2469 316 2541 ‘dere
337 2466 448 2558 solet,
474 2482 516 2539 ut
531 2477 660 2541 contra
672 2468 900 2544 voluntatem
917 2469 995 2559 quir
1011 2466 1162 2543 metu&
1176 2466 1301 2541 formi-

230 2566 315 2643 dine
332 2580 531 2641 terreatur:
555 2568 630 2641 hoc
647 2567 731 2641 &in
747 2569 907 2643 elatione
922 2566 1027 2641 subiti
1045 2568 1104 2642 vel
1119 2567 1300 2660 inopinati

228 2667 383 2746 honoris
402 2665 492 2762 supe
507 2668 712 2765 contingit,
738 2679 786 2752 ut¹
803 2669 1029 2763 arrogantior
1052 2665 1115 2739 fiat
1137 2666 1170 2739 dr
1193 2668 1299 2740 tumi-

131 2787 134 2792 ’
227 2767 311 2858 dior
326 2789 428 2857 quarn
442 2769 535 2843 vuit
562 2768 733 2842 Vincitur
746 2787 834 2864 ergo
849 2768 885 2842 iu
900 2767 953 2842 hie
968 2766 1125 2862 singulis,
1135 2767 1195 2858 qui
1205 2787 1301 2841 nou·

227 2864 310 2940 dum
328 2866 490 2958 spiritalis
504 2862 684 2957 est,etiam
703 2882 833 2941 contra
852 2871 1103 2940 uoluntatem:
1131 2868 1212 2957 quia
1230 2886 1297 2940 vo·

225 2965 345 3039 luntas
364 2964 427 3038 ista
442 2965 604 3039 nondum
621 2967 670 3040 ita
688 2966 796 3040 fortir
815 2965 912 3040 &ita
927 2966 1071 3040 robusto
1089 2964 1163 3055 est,
1180 2978 1220 3038 ut
1236 2968 1299 3040 de·

224 3060 327 3140 finiat
352 3064 446 3159 opud
469 3063 505 3138 se
524 3062 693 3157 usquead
712 3081 868 3140 mortem
892 3088 959 3159 pro
978 3069 1137 3139 veritate
1155 3080 1296 3140 cettan·

224 3163 328 3242 dum:
353 3185 423 3241 uec
438 3165 519 3239 talis
535 3163 605 3257 est,
632 3165 839 3257 quaedicat:
869 3167 945 3265 Efl,
970 3167 1032 3261 «fi.-
1058 3183 1231 3252 non,uoo;
1257 3164 1294 3236 dt

221 3262 308 3344 ideo
326 3286 404 3340 uon
420 3262 541 3358 potest
556 3267 698 3360 operari
715 3286 794 3357 quae
811 3268 915 3361 vult,
941 3267 1002 3341 sed
1015 3285 1092 3358 quae
1105 3286 1180 3338 non
1197 3265 1291 3339 vult.

219 3353 363 3444 Tamen
381 3387 427 3439 ex
447 3376 628 3461 erpone,
655 3385 725 3455 qua
740 3385 817 3440 non
835 3370 917 3440 vult
930 3369 1082 3452 malurn,
1110 3359 1293 3438 consentit

218 3465 290 3563 legi
307 3465 397 3556 Dei,
423 3465 505 3557 quia
521 3465 620 3539 bona
635 3464 705 3557 est,
732 3485 811 3557 quae
833 3467 1004 3559 prohibet
1022 3464 1171 3536 mulum:
1198 3462 1289 3537 &in

218 3561 495 3640 consonantiam
521 3566 707 3656 quamdam
733 3564 775 3639 ad
801 3566 917 3662 legem
945 3563 1015 3638 Dei
1037 3565 1095 3635 lex
1117 3563 1288 3637 naturalis

217 3664 425 3752 adducitur,
457 3678 500 3738 ut
529 3666 654 3738 eadem
688 3666 825 3752 velint,
857 3680 966 3756 rtque
998 3662 1123 3754 erdem
1155 3663 1289 3741 nolint.

90 3783 94 3790 ’
215 3764 372 3866 Quodsi
390 3763 583 3839 secuudum
597 3766 826 3838 voluntatem
847 3766 918 3862 tegi
935 3764 1006 3838 Dei
1027 3759 1287 3856 consentimus,

211 3868 344 3942 melum
357 3885 458 3963 ergo,
474 3865 573 3957 quod
589 3861 754 3956 facimus,
771 3885 849 3939 nou
864 3867 937 3957 jun
950 3883 1021 3938 nor
1040 3862 1099 3950 id,
1128 3860 1186 3936 sed
1202 3883 1287 3955 pec·

90 3981 94 3992 ’
205 3978 348 4065 crtum,
376 3963 477 4063 quod
495 3966 535 4042 iu
555 3964 664 4072 nobie
688 3963 765 4060 est,
792 3978 988 4063 operetur,
1013 3959 1138 4058 idest,
1161 3964 1222 4034 lex
1246 3962 1283 4038 t

535 4109 538 4116 -
971 4103 974 4116 ·
1155 4081 1227 4136 vo·
