2825 4559
174 365 248 455 45⁶
333 355 625 438 onranurs
663 357 1072 479 coumrursn.

177 523 243 599 nist
263 521 383 597 odium
402 521 582 615 quoddam
607 521 642 593 u
667 519 947 595 exsecrationem
974 517 1165 594 adversum
1190 521 1252 595 im-

178 622 384 723 pudicitiam
401 620 522 697 sumat
549 620 712 699 Difficilis
727 625 843 714 enim,
860 622 892 693 dr
908 622 1015 694 valde
1031 619 1184 693 difficilis
1201 618 1253 697 est

180 725 241 803 illa
265 722 511 812 continentia,
537 722 599 794 ubi
624 720 840 795 desideratur
862 722 971 813 illud,
998 740 1118 811 aquo
1149 720 1254 793 absti-

182 836 311 913 netur,
339 820 563 913 &cupiditas
582 823 685 913 animi
712 821 789 895 solo
806 835 905 896 metu
925 821 1037 894 futuri
1052 820 1180 912 judicii
1202 842 1255 891 res

180 920 356 997 frenatur.
410 919 612 994 Periculosa
632 923 728 1012 hacc,
756 921 916 997 &valde
940 918 1140 1013 periculosa
1162 918 1255 1007 sunt¹

182 1020 247 1097 nist
272 1019 463 1095 secundum
485 1022 669 1094 consilium
693 1019 859 1113 Apostoli
888 1020 1055 1093 odientes
1077 1022 1196 1112 mala,
1224 1020 1257 1097 dt

185 1123 360 1213 impacata
388 1118 657 1211 quodammodo
685 1120 870 1195 adversum
896 1142 938 1193 ea
964 1120 1134 1194 odiorum
1163 1120 1260 1199 bella

85 1308 91 1323 Ι
185 1236 429 1321 peragentes,
465 1220 510 1293 src
537 1220 777 1295 adhereamus
804 1224 918 1297 bono.
978 1219 1259 1297 Observandum
1315 1220 1319 1301 l

185 1322 294 1397 'etiam
312 1321 406 1407 hoc,
435 1319 534 1410 quod
553 1320 642 1393 srcut
657 1322 693 1393 in
716 1321 791 1392 aliis
811 1321 919 1393 dicit:
946 1324 1017 1413 Qui
1034 1322 1259 1395 adimant.

186 1420 290 1505 mina,
318 1445 400 1492 rrrrrrs
411 1421 620 1516 spiritusest,
648 1422 695 1492 ita
721 1421 753 1490 dt
778 1423 836 1493 hic
860 1422 964 1493 dicit:
1000 1420 1257 1515 Adhaeteatnut

184 1520 314 1701 pono,
339 1520 412 1595 fine
432 1520 544 1599 dubio
568 1536 609 1595 ut
628 1522 815 1617 contingat
834 1520 941 1599 nobis
957 1540 1066 1595 unum
1085 1517 1159 1597 effe
1179 1539 1258 1601 cum

116 1648 124 1665 ²
215 1639 304 1698 ono.
1334 1652 1340 1691 1

262 1714 296 1795 6.
326 1719 525 1791 Charitatem
535 1720 765 1811 fraternitatis
783 1726 921 1791 invicem
938 1721 1118 1812 diligenter.
1174 1718 1258 1793 Hoc

186 1818 412 1910 mandatum,
439 1835 480 1891 ut
498 1821 682 1915 diligamus
699 1822 873 1909 invicem,
901 1820 988 1894 ficut
1004 1819 1158 1893 &Deus
1177 1819 1260 1893 dile·
1305 1812 1309 1893 l
1333 1825 1340 1895 l

186 1921 241 1999 xit
257 1940 348 2009 nos,
376 1939 457 1993 cum
477 1920 519 1992 srt
537 1924 687 2011 primum
708 1920 787 2012 poll
804 1923 953 2012 primum
972 1920 1149 2013 (primum
1167 1940 1259 1999 nam·
1327 1926 1340 2015 l

188 2039 258 2113 que
280 2016 331 2095 est
353 2019 500 2113 diligere
521 2018 661 2110 Deum3
689 2020 722 2091 u
743 2024 837 2092 inter
853 2021 1017 2095 homines
1038 2022 1171 2092 iterum
1189 2019 1259 2093 hott
1328 2038 1340 2096 u

188 2120 340 2213 primurn
356 2117 426 2201 est,
450 2135 491 2191 ut
512 2120 669 2194 invicem
695 2110 900 2215 diligamus)
926 2120 1046 2195 nescio
1069 2118 1260 2209 quomodo
1325 2123 1340 2199 i

188 2218 284 2310 quast
312 2220 470 2292 ultimum
499 2219 532 2290 dr
557 2219 674 2293 miuus
700 2219 929 2295 necessarium
962 2222 1058 2291 inter
1091 2219 1261 2292 homines
1324 2226 1335 2293 i

187 2317 386 2417 spernitur,
413 2319 445 2390 dr
460 2320 603 2399 odium,
621 2321 719 2413 quod
739 2322 845 2392 nobis
861 2319 1000 2399 insitum
1018 2316 1088 2390 elle
1106 2318 1260 2392 diximus
1326 2326 1340 2396 1

189 2421 234 2492 ad
251 2421 343 2502 hoc,
370 2431 410 2489 ut
429 2421 518 2491 mala
536 2419 625 2491 odio
641 2420 854 2519 habeamus,
880 2418 1103 2512 praepostero
1131 2420 1259 2495 ordint

190 2538 402 2596 exercemus
422 2519 605 2611 inbonis,
638 2520 672 2591 &
697 2521 786 2592 vitia
808 2524 922 2593 carnis
945 2540 985 2591 11
1008 2533 1163 2610 peccata
1188 2517 1262 2592 dili·
1326 2544 1340 2618 g

188 2632 316 2717 gentes
333 2619 459 2690 fratres
476 2619 563 2690 odio
576 2619 758 2695 habemus.
785 2619 867 2693 Nec
881 2621 983 2692 aliter
999 2618 1130 2691 accidit
1144 2614 1255 2692 odisse
1326 2646 1340 2715 q

189 2741 261 2793 nos
288 2738 365 2809 quae
388 2740 464 2789 non
490 2730 664 2812 oportet,
690 2720 750 2792 nist
777 2721 857 2809 quia
879 2720 1055 2815 diligimus
1081 2738 1159 2809 quae
1184 2738 1261 2793 nou
1324 2751 1340 2793 1

192 2832 356 2912 oportet.
389 2818 532 2891 Fratres
553 2839 640 2913 ergo
653 2819 822 2909 jubemur
839 2821 1009 2913 diligere,
1034 2822 1110 2890 rion
1125 2818 1263 2908 judica·
1324 2850 1340 2894 1.

190 2942 242 2994 re.
278 2916 314 2988 Si
333 2918 426 2989 enlm
439 2933 546 3008 putas
563 2920 716 3008 aliquem
738 2919 883 3011 impium
903 2917 993 3001 elle,
1020 2918 1053 2988 dr
1074 2918 1162 2991 ideo
1181 2938 1262 2995 eunt
1324 2947 1338 2997 e

189 3038 267 3101 non
284 3014 421 3111 judicas
438 3017 679 3114 diligendum,
706 3020 808 3113 audi,
836 3019 933 3109 quod
960 3019 1103 3113 Christus
1123 3039 1185 3115 pra
1206 3024 1262 3088 im·
1326 3028 1340 3093 1,

188 3124 254 3218 piis
275 3134 416 3188 mortuus
431 3116 481 3213 esi.
533 3118 611 3190 Aut
633 3117 656 3190 st
676 3119 757 3211 quia
776 3114 1019 3213 peccatos-est
1035 3118 1147 3192 frater
1165 3134 1261 3213 tuus,
1329 3123 1340 3195 l

144 3252 148 3273 =
189 3220 276 3296 ideo
296 3237 377 3315 eum
397 3238 472 3291 non
491 3230 596 3309 putas
617 3217 857 3314 diligendum,
884 3219 985 3308 audi,
1012 3221 1093 3309 quia
1119 3219 1263 3315 Cirriflaa
1329 3223 1340 3296 l

192 3321 343 3419 Jssusirr
360 3319 442 3389 iruna
461 3322 613 3390 mundum
632 3323 728 3390 venit
748 3336 920 3414 peccatores
933 3318 1037 3406 salvar
1049 3317 1173 3409 fatere.
1227 3316 1262 3391 Si
1326 3324 1340 3397 1

189 3440 285 3494 veto
310 3418 423 3511 justus
447 3417 517 3505 est,
545 3420 663 3493 multo
687 3422 796 3515 magis
823 3418 1021 3515 diledlione
1043 3419 1173 3514 dignus
1194 3418 1262 3507 ella

187 3524 351 3595 Dominus
368 3518 463 3595 ellim
482 3519 587 3611 diligit
603 3519 712 3616 jussor,
1330 3540 1340 3594 l

243 3642 301 3713 .7.
333 3624 461 3691 Honora
477 3623 615 3691 invicem
628 3623 873 3715 pravenientes.
907 3618 991 3691 Hoc
1012 3614 1085 3706 est,
1113 3618 1262 3707 quod&
1305 3552 1309 3697 Ι
1336 3655 1340 3689 r

192 3718 376 3797 Dominus
404 3719 551 3812 docuit,
580 3739 660 3796 cum
681 3732 828 3791 notaret
853 3718 992 3793 Scribas
1016 3717 1048 3787 dr
1069 3715 1262 3795 Pharisaeos
1306 3702 1340 3796 lt

191 3821 303 3915 prima
320 3819 380 3893 sibi
399 3820 481 3895 loca
501 3820 537 3891 in
554 3821 739 3897 conviviis
757 3819 1013 3911 vendicantes,
1041 3815 1075 3889 dr
1096 3816 1262 3909 doceret,
1308 3906 1310 3913 ¹
1332 3847 1340 3892 a

188 3934 254 4015 111,
283 3939 364 3995 cum
380 3932 539 3995 vocatus
558 3918 670 3999 fueris
695 3935 736 3997 tu
761 3921 805 3996 ad
826 3939 984 4007 cenam,
1010 3920 1047 3993 in
1069 3914 1269 4023 ”QVJM
1333 3923 1340 3999 l

172 4022 270 4109 loco
289 4020 498 4107 recumbas.
1001 4118 1004 4125 ,
1052 4048 1271 4203 “sm
1335 4046 1340 4125 ῃ
