2825 4559
170 293 195 348 s
224 201 231 210 ¹
288 254 354 335 nu
378 251 555 335 orror.
582 254 662 333 no
686 253 1118 334 romanorun.
1172 276 1243 353 513

244 439 302 494 12.
332 418 438 497 Habeo
463 405 566 513 igilur
587 381 721 521 gloriam
742 393 782 488 in
801 418 927 515 Clttrjlo
946 421 1029 516 Jelu
1053 421 1094 489 od
1122 420 1239 496 Deum.
1281 476 1283 479 Α

162 519 248 594 Non
265 525 351 589 enim
366 523 460 591 audeo
479 522 603 616 aliquid
619 521 707 616 loqui
724 544 845 606 aarum,
872 544 940 617 qua
955 539 1012 616 per
1026 544 1072 588 me
1092 539 1155 587 nou
1171 514 1240 605 effi·

162 628 210 690 rit
228 619 424 716 coraposito
443 620 651 690 obedientiam
671 617 843 707 Gentium,
871 620 1021 695 verbali
1034 615 1157 710 fallio,
1181 637 1238 713 per

163 720 344 816 putosiorum
355 719 510 814 fignorum
527 718 564 794 ll
578 721 789 815 prodigiorum
807 728 843 787 iu
857 724 982 790 uirtute
998 718 1140 813 Spiritus
1150 703 1240 820 Delo,

169 828 220 889 ilo
238 835 275 892 ul
292 819 332 888 ab
350 820 529 915 Jerusalem
548 824 584 889 in
600 825 738 890 circuilu
753 821 846 914 usque
862 821 901 891 od
922 821 1084 920 Illyricum
1103 817 1238 913 repleor·
1288 905 1292 914 x

162 926 227 989 rim
238 919 457 1013 *Euangeliou
478 920 608 1017 Christi.
638 923 690 1004 Sic
707 940 813 989 aurem
827 921 883 988 looo
898 924 1070 1014 predicavi
1087 918 1238 1008 Euange-

162 1020 244 1090 lium
262 1043 327 1089 nort
344 1018 397 1088 ubi
411 1014 649 1114 nominorus'ell
669 1019 828 1117 Christus,
844 1043 884 1100 no
893 1018 988 1115 super
1003 1020 1142 1095 alienum
1157 1016 1237 1101 {un-

164 1120 565 1209 damentumadr'ficorem:
585 1119 638 1208 sod
652 1115 734 1213 fitur
756 1122 912 1212 scriplum
937 1118 995 1214 eli:
1020 1116 1235 1211 Quibusnam

164 1218 206 1312 eli
224 1222 462 1289 annunciatum
479 1219 514 1289 de
528 1242 579 1304 eo,
606 1219 763 1289 videbunt
771 1241 785 1305 ς
810 1221 849 1293 ὅ
875 1222 931 1316 qui
953 1227 1019 1288 nou
1040 1220 1237 1308 audierunt,

132 1349 136 1360 ·
162 1320 360 1410 intelligent.
405 1314 503 1391 Vera
525 1317 667 1409 quidem
687 1317 857 1413 gloriatio
873 1320 917 1391 ad
933 1319 1054 1391 Deum
1065 1323 1151 1389 *non
1169 1314 1247 1404 est,

163 1416 227 1489 niso
243 1420 325 1509 illa,
353 1436 431 1508 que
452 1411 502 1490 est
518 1418 555 1491 in
575 1414 717 1490 Christo
732 1413 823 1510 Jesu.
858 1416 942 1491 Sine
957 1414 1098 1491 Christo
1114 1426 1235 1491 autem

190 1518 309 1589 loriari
327 1518 364 1589 in
379 1514 462 1589 Deo
481 1519 554 1589 tale
570 1512 638 1600 est,
666 1519 770 1612 quale
793 1513 910 1608 liquis
932 1516 1049 1606 dicat,
1074 1510 1174 1609 polle
1190 1512 1234 1601 ¹se

164 1537 297 1688 labere
315 1613 463 1712 gloriam
487 1615 585 1707 apud.
599 1615 717 1688 Deum
730 1614 807 1718 ,stne
823 1614 975 1711 justitia,
1000 1613 1072 1688 stne
1096 1612 1233 1706 sapien·

157 1717 236 1812 tia,
262 1713 335 1788 fine
352 1716 515 1789 veritate.
568 1713 657 1788 Haec
674 1715 769 1789 enirn
786 1717 906 1788 omnia
924 1713 1081 1788 Christus
1100 1714 1171 1803 est3
1198 1713 1235 1787 dt

117 1818 123 1825 '
163 1814 250 1886 ideo
268 1814 304 1888 in
320 1808 399 1886 solo
416 1811 557 1886 Christo
576 1835 662 1886 vera
677 1816 846 1911 gloriatio
863 1813 913 1887 est
937 1812 980 1885 ad
995 1814 1124 1888 Deum.
1180 1813 1235 1886 Sl·

164 1913 249 1996 uuile
265 1909 315 1987 est
335 1912 493 2005 hocilli,
521 1912 621 2004 quud
646 1914 683 1992 iu
707 1914 783 1990 aliis
809 1909 882 2006 ipse
900 1912 1005 1987 dicit:
1032 1918 1105 2007 Qua·
1129 1930 1236 1983 auum

161 2014 348 2103 gloriatur,¹
369 2016 405 2083 io
424 2014 740 2107 Dominoglorielur.
793 2012 996 2109 Quomodo
1022 2026 1139 2085 autem
1160 2014 1236 2085 cul·
1294 2075 1298 2088 .

168 2111 294 2203 pabilis
318 2113 363 2192 stt,
379 2111 549 2207 gloriitio
573 2114 714 2204 omnia,
742 2133 820 2206 quac
843 2115 944 2186 extra
969 2111 1144 2187 Christum
1169 2105 1236 2203 eli,
1322 2126 1334 2195 χ

166 2207 273 2282 uerbi
297 2206 419 2306 causa,
446 2211 483 2285 in
506 2213 663 2304 divitiis,
688 2213 750 2283 vel
775 2214 979 2285 honoribus
1004 2208 1144 2302 saculi,
1171 2214 1235 2287 vel

166 2308 337 2398 sapientia
353 2310 497 2401 mundi,
524 2312 586 2382 vel
603 2314 742 2386 caterio
760 2312 907 2393 artibus,
918 2325 994 2403 quae
1012 2327 1114 2384 extra
1131 2310 1235 2385 Chri·

165 2404 256 2478 stum
278 2404 378 2498 lunt,
404 2402 507 2498 supra
527 2404 599 2499 jam
625 2405 731 2482 lutino
757 2408 989 2484 differuimus.
1039 2410 1233 2489 Sciendum

165 2501 249 2576 iane
273 2501 341 2598 est,
369 2506 468 2595 quod
482 2504 541 2579 hic
557 2506 827 2601 Latini‘gloriom
845 2529 912 2601 pro
930 2509 1149 2605 gloriatione
1166 2531 1234 2604 po·

160 2600 322 2681 suerunt.
375 2605 454 2677 illan
479 2612 583 2692 onim,
610 2609 746 2698 inquit3
770 2612 864 2680 audeo
880 2611 1002 2704 aliquid
1016 2611 1101 2705 ioqui
1110 2629 1231 2702 eorum,

163 2726 309 2876 lull
334 2728 470 2896 liulf?
486 2698 1233 2903 ,fllllllllu,lllllla‘llllt

163 2912 278 2975 olona
335 2910 457 3001 pirirus
477 2905 552 2979 Dei.
594 2908 685 3005 Quae
710 2906 865 3000 loquor,
889 2910 1026 2999 inquit,
1053 2927 1127 2981 non
1154 2909 1235 2986 lunt

167 3001 272 3077 alieni
318 3002 411 3097 perir
429 3006 552 3090 verba,
571 3025 639 3077 nec
655 3007 854 3081 alienorum
871 3004 1050 3103 gestorum
1067 3009 1233 3083 laudator

168 3095 323 3188 efficiorc
350 3101 409 3177 sed
427 3123 503 3196 quae
520 3101 593 3178 scio
611 3100 788 3181 ohristum
805 3124 869 3198 per
885 3125 942 3181 me
958 3100 1134 3201 effecill‘e,
1156 3106 1234 3184 haeo

168 3198 433 3293 vobloscrlbo,
460 3223 537 3293 quae
564 3224 627 3298 per
650 3201 894 3279 obedientiam
919 3206 1092 3282 Gentium
1112 3212 1232 3282 verbo
1276 3240 1278 3244 ·
1332 3232 1334 3234 ’

164 3299 326 3376 inme&
344 3299 456 3393 opere
474 3304 654 3398 explevit,
682 3306 799 3379 verbo
820 3303 1234 3407 praedicationis,'opere

165 3397 345 3496 signorum
364 3403 397 3473 oc
416 3402 674 3495 prodigiorum.
698 3482 703 3502 ,
728 3406 820 3503 Quae
839 3421 957 3479 autem
976 3399 1236 3501 indifferentia

163 3500 373 3597 intersigna
388 3499 427 3572 ut
440 3503 623 3597 prodigia,
649 3502 684 3574 dt
700 3502 737 3575 in
757 3501 830 3578 aliis
854 3502 922 3595 jam
946 3507 1050 3578 latius
1067 3506 1233 3603 diximus,

167 3593 257 3674 &in
276 3594 438 3693 praelenti
455 3600 542 3672 loeo
561 3602 849 3693 compendiosius
865 3601 1132 3694 explicabimus.
1160 3604 1236 3703 Sig-

167 3718 216 3772 na
236 3693 484 3792 appellantur,
503 3697 553 3803 ⁸in
577 3701 703 3792 quibus
727 3715 807 3775 curn
835 3695 879 3775 ltt
901 3704 1030 3796 aliquid
1057 3706 1235 3799 mirabile,

168 3798 347 3873 indicatur
365 3817 511 3890 quoque
530 3797 662 3890 aliquid
679 3795 850 3882 futurum.
879 3796 1044 3901 Prodigia
1061 3820 1173 3893 uero,
1196 3809 1235 3880 itt
1300 3813 1305 3823 “

170 3898 298 3993 quibus
317 3899 569 3972 tantummodo
584 3900 751 3977 mirabile,
763 3895 894 3992 aliquid
909 3900 1118 3980 ostenditur.
1129 3900 1236 3999 Signa

222 3995 477 4095 ornamina.
492 3989 582 4078 XV.
629 4094 633 4099 .
833 3989 899 4081 Kk
1095 4019 1190 4120 uero
