2825 4559
89 249 93 254 ⁴
155 241 462 398 ‘admisu
492 255 1089 438 innormarunt
1143 323 1217 413 aas

133 480 286 570 dilexit,
312 490 355 550 ut
374 497 444 551 nec
457 479 581 573 propria
600 476 686 545 Filio
696 476 755 564 sua
769 479 995 571 pepercerit,
1012 482 1138 575 [adpro
1155 490 1214 553 na-¹
1264 543 1272 550 .
1307 474 1309 479 ’

134 582 180 653 bis
199 578 342 652 amnibus
360 578 403 650 ad
420 576 612 674 plallroneln
633 575 819 666 tradiderit
835 603 914 653 eum.
952 578 1001 651 Et
1016 595 1058 652 ut
1070 577 1211 676 majore
1230 639 1232 642 .

134 699 206 757 nor
227 677 464 752 admiratione
483 673 767 771 constringeret,
794 678 929 751 addidit
943 677 1143 755 sermonem
1157 683 1211 755 in·

133 781 252 878 gentis
278 777 397 851 arcani
418 775 622 864 conscium,
649 776 797 867 dicent,
823 780 906 870 qula
918 782 1238 873 propriolllliasuo.

132 904 199 954 non
212 882 369 975 pepercit:
409 876 563 966 Dixerat
581 874 674 948 enim
694 873 877 971 superius,
905 881 1209 974 auderamnus,

89 1023 99 1031 —
132 980 194 1072 qul
221 975 382 1072 spiritum
409 977 617 1072 adoptionis
643 976 857 1069 accipimus,
885 972 949 1050 filii
980 978 1047 1050 Dei
1075 978 1207 1057 sumus.

133 1081 197 1155 Ne
210 1098 300 1175 ergo
315 1080 497 1176 communi
511 1076 573 1151 ista
588 1076 833 1166 appellatione
850 1075 1005 1152 liliorum
1020 1098 1130 1152 unum
1146 1082 1209 1153 all·

132 1200 241 1270 quem
257 1198 301 1250 ex
317 1176 370 1250 liis
387 1176 564 1252 tradidisse
581 1186 781 1267 putaretur,
794 1178 854 1267 qui
868 1180 906 1252 in
922 1175 1016 1251 filios
1033 1178 1207 1253 videban·
1281 1215 1296 1236 κ

132 1293 194 1351 tur
211 1276 352 1364 adsciti,
379 1275 515 1352 addidit
524 1280 653 1373 proprio
668 1276 778 1363 lilia„
798 1290 840 1349 ut
857 1299 954 1370 eum,
973 1278 1031 1367 qui
1048 1274 1207 1354 solus'ex

131 1377 212 1471 ipso
232 1375 316 1449 Deo
337 1375 509 1450 ineffabili
526 1375 720 1450 nativitate
739 1393 955 1471 generatur,
984 1376 1203 1454 ostenderet.

136 1480 198 1550 Pro
217 1478 306 1548 nobis
321 1494 409 1570 ergo
427 1478 571 1548 omnibus
586 1476 728 1547 tradidit
744 1498 833 1563 eunt,
860 1497 937 1550 non
961 1478 1021 1549 illa
1041 1480 1206 1551 traditio·

132 1598 203 1671 ne,
230 1596 299 1668 qua
315 1576 483 1667 scriptum
500 1575 569 1653 est:
603 1570 725 1647 Tradet
747 1592 853 1647 aurem
877 1572 985 1663 frater
1006 1576 1148 1665 fratum
1166 1585 1205 1651 in

133 1674 321 1761 martian&
333 1685 485 1769 parentas
494 1678 601 1763 filios:
626 1675 685 1748 led
699 1676 875 1751 tradidisse
889 1699 970 1753 eum
985 1678 1115 1766 dicitur
1130 1680 1204 1752 hoc

135 1774 235 1868 ipso,
262 1776 383 1866 quod,
412 1798 492 1851 cum
513 1775 681 1851 informa
699 1775 769 1850 Dei
789 1775 895 1869 ellat,
923 1774 1037 1870 pallus
1055 1777 1105 1850 est
1120 1798 1204 1853 eum

136 1876 321 1949 exinanire
348 1875 518 1967 seipsum,
546 1875 750 1950 &formam
773 1876 868 1950 servi
885 1880 1067 1969 accipere,
1094 1878 1127 1950 dr
1151 1875 1205 1951 us·

132 1976 265 2066 quead
283 1987 438 2051 mortem
457 1978 574 2050 crucis
590 1979 802 2065 pervenire:
829 1989 870 2049 ut
886 1978 921 2052 in
938 1974 1015 2070 ipso
1034 1978 1203 2051 omnibus

85 2089 89 2098 '
133 2076 338 2168 exemplum
361 2076 580 2149 obedientia
602 2091 778 2169 poneret,
809 2076 842 2149 dr
863 2080 958 2151 viam
976 2076 1204 2178 resurrectio·

132 2177 188 2248 nis
208 2177 359 2249 mortuis
378 2179 544 2268 aperiret.
601 2179 661 2247 Pro
683 2177 829 2247 amnibus
847 2199 938 2272 ergo
962 2179 1099 2248 tradidit
1120 2203 1203 2251 eum.

132 2271 224 2347 Non
249 2273 362 2350 solum
383 2295 451 2364 pro
476 2274 621 2365 landis,
648 2294 725 2356 non
741 2276 855 2352 lulum
877 2292 945 2367 pro
961 2257 1117 2372 magilis,
1144 2275 1217 2351 sed
1309 2337 1313 2343 .

135 2372 169 2447 dt
188 2392 256 2466 pro
274 2376 446 2469 minimis,
472 2375 589 2467 &pro
605 2377 772 2450 omnibus
792 2377 966 2466 omnino,
992 2382 1050 2468 qui
1069 2374 1204 2451 suntin

135 2470 315 2565 Ecclesim
349 2476 495 2552 tradidit
527 2471 655 2549 Filium
687 2474 874 2569 proprium
900 2474 1021 2548 Pater:
1058 2479 1092 2547 dt
1118 2477 1203 2550 ideo
1249 2473 1253 2486 “

135 2574 241 2646 etiam
256 2573 280 2646 fi
295 2574 520 2650 minimorum
535 2577 686 2665 aliquem
703 2570 975 2650 &infirmorum
991 2576 1094 2648 ludat
1107 2578 1201 2668 quis,

132 2676 340 2765 percutiens
368 2675 443 2764 einr
470 2671 647 2750 infirmam
669 2672 946 2763 conscientiam,
973 2678 1008 2748 in
1025 2671 1203 2751 Christum

132 2791 286 2865 peccare
302 2775 442 2863 dicitur,
460 2777 628 2868 quoniam
648 2775 790 2865 quidem
808 2772 1019 2852 scandalizat
1035 2776 1203 2868 animam,

132 2890 204 3044 gro
223 2892 291 2962 qua
307 2871 462 2949 Christus
480 2889 646 2949 mortuus
664 2873 725 2951 est.
780 2874 875 2975 Quia
891 2895 978 2966 erno
999 2895 1067 2965 pro
1087 2875 1204 2948 omni·
1281 2959 1283 2964 ,

160 2991 203 3043 ur
224 2973 330 3046 nobis
351 2975 496 3047 tradidit
515 2974 642 3049 Filium
659 2973 790 3065 Pater,
820 2977 937 3047 nullus
957 2975 1128 3064 omniun,
1155 2993 1203 3050 ne
1290 2981 1292 2986 '

132 3072 300 3148 minimus
316 3074 478 3166 quidem,
506 3075 565 3163 qui
583 3073 633 3146 est
651 3075 687 3146 in
705 3072 885 3164 Ecclesia,
914 3076 1202 3150 contemnendus

136 3166 209 3242 est:
226 3168 268 3242 ‘da
284 3171 368 3246 ideo
390 3172 568 3250 Dominus
586 3173 658 3265 ipse
675 3175 836 3249 dicebar:
865 3177 905 3243 Si
919 3180 991 3268 quii
1004 3174 1202 3261 scandaliza·

134 3273 226 3355 uerit
245 3296 343 3341 unum
357 3295 395 3344 rx
412 3273 530 3368 pufiliis
547 3273 612 3369 iliis
629 3279 791 3359 minimis,
818 3276 939 3366 expedit
963 3275 1075 3343 maiam
1098 3276 1202 3368 afilia·

136 3371 333 3463 riam'ligari
349 3379 432 3462 circa
452 3373 562 3445 collum
576 3379 663 3469 rjus,
689 3374 728 3448 (Ἰ
742 3369 939 3471 praecipitari
954 3398 1022 3443 eam
1042 3379 1079 3443 in
1096 3399 1201 3472 mirre,
1227 3391 1232 3408 ¹

134 3493 231 3567 qaam
249 3487 287 3539 ut
297 3473 497 3560 [canullan
514 3498 612 3544 unum
625 3499 664 3545 rx
679 3473 743 3549 his.
796 3474 897 3546 Deua
916 3492 1024 3569 ergo,
1052 3476 1111 3565 qui
1131 3495 1200 3551 nos
1225 3521 1227 3526 ·
1275 3563 1280 3571 ¹

135 3568 316 3665 pretiosos
339 3574 475 3666 proprii
489 3566 568 3646 Filii
585 3589 654 3667 pro
670 3577 775 3648 nobis
799 3573 994 3666 pretiosum
1013 3571 1202 3674 fundendo

136 3666 342 3842 sanffuinem
356 3670 464 3763 fecit,
491 3676 635 3768 quomoda
652 3700 719 3744 non
733 3675 799 3744 curn
815 3676 876 3770 ipso
889 3680 994 3745 omnia
1009 3671 1095 3744 nodis
1108 3678 1204 3748 dona·
1318 3759 1319 3764 γ

138 3769 186 3841 ila
235 3767 336 3844 Nihil
352 3774 447 3846 enirn
465 3772 539 3847 sive
555 3771 704 3847 visibilis·
718 3773 792 3847 sive
812 3774 994 3847 invisibilis
1013 3790 1203 3869 creature,
1297 3811 1319 3858 .;

138 3870 239 3961 quod
255 3869 348 3944 Filio
365 3871 469 3964 poffit
486 3872 680 3961 adaquari:
706 3875 808 3946 nullo
826 3876 920 3947 enirn
939 3871 1044 3964 patto
1061 3891 1205 3949 creato·

139 3973 169 4052 ri
186 3969 251 4046 suo
269 3985 431 4066 creatura
450 3967 573 4070 potest
589 3971 770 4154 rualeni:
794 3972 829 4049 dt
844 3970 871 4049 u
887 3988 1032 4079 creator
1048 3970 1121 4070 ipse
1138 3975 1206 4092 do·
1305 3955 1316 4040 s

697 4090 722 4150 2
789 4105 796 4120 ⁸
843 4149 845 4153 Α
1110 4091 1183 4146 m·
