2825 4559
231 349 294 427 uu
321 347 493 425 curor.
522 346 599 420 un
624 345 853 422 runnu.
881 347 981 426 trs.
1008 351 1105 430 vn.
1159 377 1229 454 sn
1290 353 1292 358 ·

162 512 315 616 Quodir
335 511 391 585 nui
408 509 509 601 sunt,
537 510 594 601 qui
613 509 763 606 diligunt
782 510 920 603 Deum,
947 512 1071 604 otalii,
1090 520 1149 607 qui
1166 517 1232 613 spi·
1293 569 1299 576 ,.

161 620 271 690 ritum
285 611 467 686 servitutis
485 611 686 702 accipiunt,
713 609 908 683 videndum
927 610 999 703 est,
1022 615 1232 692 neforto&

164 716 261 793 hoc,
280 709 380 805 quod
404 712 511 783 dicit:
541 713 624 796 Hir,
649 715 705 808 qui
731 712 894 795 seruitium
917 714 1100 810 propussrum
1124 717 1234 789 vocati

157 816 259 908 suni,
285 813 337 884 &r
363 814 451 903 Quos
464 809 641 903 prescivit,
669 810 708 886 (5
720 811 958 906 predestinavit
971 807 1232 911 confirmerjie'ri

163 919 313 1020 imaginis
335 913 494 1000 Fiiis'sui,
520 929 596 983 nou
621 910 818 984 conveniat
843 899 1020 1004 illis,'qui
1045 917 1081 987 in
1108 917 1232 1010 spiritu

162 1012 346 1089 servitutis
362 1010 451 1083 sunt.
488 1007 635 1082 Possunt
649 1008 796 1083 enim&
811 1010 859 1081 illi
876 1015 1000 1084 vocati
1022 1015 1164 1103 quidem
1180 1021 1232 1093 di-

164 1116 220 1204 ci,
244 1132 320 1184 non
338 1122 456 1186 tamen
467 1111 634 1197 secundum
649 1110 834 1206 propofirum
850 1114 994 1184 vocati:
1022 1112 1055 1185 br
1077 1134 1146 1208 pto
1171 1140 1233 1210 eo,

164 1210 266 1304 quod
283 1210 399 1286 rdhuc
414 1211 450 1282 in
467 1208 591 1304 spiritu
609 1207 790 1281 servitutis
808 1208 900 1294 sunt,
919 1231 996 1285 non
1011 1213 1155 1306 possunt
1170 1218 1238 1291 sta.

165 1312 221 1387 tui
237 1311 332 1382 inter
348 1310 484 1383 multos
504 1309 653 1402 iratres,
680 1330 832 1400 quorum
849 1310 1109 1407 primogenitus
1125 1315 1176 1390 est
1196 1322 1237 1392 n-

164 1413 234 1489 lius
254 1410 458 1497 charitatiu,·
483 1410 632 1502 &imago
650 1407 820 1503 inoifibilr'r
842 1414 921 1497 uer,
948 1431 989 1484 ac
1008 1423 1238 1510 primogenitus

166 1514 268 1583 omnis
282 1524 447 1583 creatura.
478 1509 549 1582 Sed
567 1510 600 1582 ἃ
617 1510 691 1582 huc
706 1508 806 1600 quod
822 1509 930 1582 dixitr
959 1513 1142 1606 conformes
1158 1523 1236 1591 imu-

163 1616 250 1710 gim‘s
267 1611 433 1700 Fiiiisui,
459 1612 552 1681 voio
577 1609 777 1704 requirere„
805 1609 906 1702 cujus
931 1608 1056 1685 formo
1084 1619 1234 1692 confor-

164 1731 242 1788 rues
256 1710 334 1783 fleri
350 1710 524 1782 dicuntur.
551 1707 718 1804 Legimus
735 1709 829 1781 enini
847 1708 973 1785 Filium
991 1712 1060 1784 Dei
1077 1717 1235 1808 aliquan-

168 1810 219 1882 do
242 1810 278 1882 in
300 1809 417 1883 forma
432 1807 522 1896 Dei,
551 1809 741 1898 aliquando
757 1810 793 1879 in
813 1808 930 1881 forma
946 1809 1038 1884 servi
1056 1813 1126 1888 esse
1144 1821 1236 1910 poss-

167 1921 256 1988 tum.
308 1907 374 1979 Cui
393 1925 482 2001 crgo
499 1907 626 1980 formae
651 1907 773 1980 harum
792 1909 938 1984 duorum
960 1912 1168 1990 conformes
1188 1920 1244 1993 di·,

169 2021 229 2084 cut
244 2007 388 2083 futuros
405 2005 606 2099 Apostolus
623 2013 704 2097 eos,
724 2010 783 2098 qui
802 2009 954 2105 diligunt
966 2007 1099 2102 Deum,
1115 2015 1147 2088 br
1162 2021 1237 2110 qui.

166 2109 236 2183 bus
260 2109 380 2181 omnia
403 2119 650 2196 cooperantur
674 2110 710 2178 in
729 2109 888 2190 bonum,
914 2129 989 2181 non
1017 2115 1126 2189 otiosr
1150 2119 1238 2194 mihi

166 2206 314 2282 videtur
333 2205 402 2281 esse
419 2204 636 2280 discriminis.
675 2208 848 2279 Arbitror
865 2227 953 2304 ergo
972 2208 1164 2292 secundum
1182 2241 1239 2311 ca,

170 2327 249 2399 que
275 2310 312 2380 in
339 2308 415 2379 aliis
437 2304 530 2380 idem
556 2305 683 2377 Paulus
710 2306 886 2402 designat,
912 2311 973 2383 ubi
991 2311 1097 2387 dicit:
1127 2320 1242 2390 sisinii

167 2413 247 2495 mci,
273 2411 349 2502 qitor
365 2414 481 2476 iterum
494 2411 663 2499 parturio,
689 2408 782 2475 donec
790 2406 955 2498 formetur
973 2413 1117 2508 Christus
1132 2423 1169 2487 in
1182 2445 1240 2492 uo·
1281 2483 1289 2508 r*
1309 2427 1312 2436 '

170 2509 237 2590 iis,
270 2505 415 2580 formari
442 2506 478 2577 in
506 2506 579 2594 his,
616 2506 675 2595 qui
703 2506 745 2577 ad
772 2504 1032 2599 perfeetionem
1059 2518 1239 2612 tendunt,

168 2605 352 2686 Christum
373 2605 490 2694 dicat,
518 2601 711 2678 secundum
736 2605 832 2697 hocf,
859 2606 959 2698 quod
984 2611 1147 2691 Verbum
1174 2619 1241 2714 esi,

169 2708 263 2781 utin
281 2709 332 2779 eis
352 2704 466 2778 Verbi
485 2702 554 2775 Dei
577 2703 758 2777 sinceritas
784 2705 826 2777 ad
850 2725 978 2797 purum
1000 2710 1240 2808 informetur;

171 2809 205 2879 br
222 2806 414 2878 secuudum
431 2805 506 2876 hoc
531 2803 629 2894 quod
647 2808 781 2878 veritas
800 2803 872 2897 est,
898 2819 940 2878 ut
966 2812 1099 2885 veritas
1127 2817 1163 2888 in
1191 2821 1243 2894 eis

172 2910 308 2996 absque
323 2905 429 2976 uilius
445 2901 520 2976 suci
538 2904 758 2977 admixtione
775 2901 963 2993 confistst3
990 2908 1022 2981 br
1048 2910 1242 2994 secundum

167 3008 243 3082 hoc
260 3004 358 3098 quod
374 3001 631 3098 sapientitest3
665 3018 705 3076 ut
732 3004 902 3098 sapientis
924 3005 995 3080 Dei
1021 3012 1056 3084 in
1083 3017 1134 3088 eis
1160 3019 1242 3112 ilia,

170 3125 275 3198 quam
292 3105 388 3177 inter
404 3100 583 3194 perfetios
598 3104 759 3193 loquitur
774 3103 924 3193 Paulus,
950 3129 1037 3199 pura
1056 3110 1088 3183 br
1105 3116 1241 3209 absque

169 3207 248 3277 ulio
263 3206 397 3278 erroris
415 3203 632 3275 diverticulo
646 3202 895 3275 conservetur.
920 3204 1027 3278 Sic&
1047 3209 1241 3295 secundum

170 3305 311 3392 omnia,
337 3321 416 3395 que
437 3301 594 3374 Christus
618 3302 688 3393 est,
714 3305 774 3374 vei
789 3301 946 3395 justitia,
973 3310 1032 3381 vei
1050 3308 1243 3392 sanciifica·

167 3405 245 3493 tio,
272 3403 331 3475 vei
350 3414 486 3473 caeterae
503 3404 847 3493 quaequeuirtutcs,
875 3402 952 3479 siin
968 3408 1019 3480 eis
1037 3409 1242 3490 formentur

169 3504 215 3577 ud
230 3503 424 3595 liquidum,
449 3499 503 3572 isti
523 3502 743 3574 videbuntur
760 3501 913 3578 odiliam
932 3505 1098 3604 formam,
1118 3535 1186 3604 qua
1204 3522 1243 3593 in

170 3601 373 3692 formalDei
390 3598 459 3684 est,
487 3600 693 3674 conformes
710 3603 869 3697 imaginis
885 3603 956 3679 esse
973 3606 1101 3688 effecti.
1128 3611 1164 3688 Si
1182 3640 1246 3691 ve·

148 3699 151 3704 ‘
171 3723 218 3779 ro
237 3703 353 3775 adhuc
372 3701 407 3771 in
429 3702 538 3771 initiis
557 3700 634 3788 ouis
661 3701 918 3775 converscrtur
942 3707 1100 3797 (initium
1126 3731 1248 3793 autem

171 3805 333 3897 sapientia
351 3804 443 3869 rimor
464 3805 525 3886 tici
542 3797 613 3892 est)
641 3802 673 3873 u
691 3804 728 3873 in
746 3804 876 3877 timore
893 3806 1008 3880 adhuc
1025 3813 1161 3905 positus
1178 3821 1249 3911 pri·

172 3925 231 3982 rna
252 3903 370 3972 cultus
392 3900 458 3971 Dei
479 3903 657 3973 elementa
674 3899 858 3995 suscipiat,
885 3903 1076 3986 secuudum
1093 3916 1248 3996 formum

171 4001 289 4102 servi,
313 4020 418 4097 quam
442 3998 594 4100 suscepit
619 4001 663 4080 ud
686 4002 783 4098 boe,
809 4016 850 4077 ut
867 4008 971 4083 rudes
991 4007 1024 4083 ἀ
1042 4014 1190 4113 ignaros
1204 4020 1252 4093 ti·

1140 4129 1231 4184 mo-

1233 4183 1317 4330 Vi
