2825 4559
128 231 254 384 ¹aas
329 249 1055 378 oaros'utscounisuran.

159 445 268 545 politi
294 447 327 521 u
352 447 524 522 mundum
549 443 634 520 Deo
659 448 930 522 reconciliantis
958 449 1132 524 indicium
1160 449 1237 544 cst,

160 549 252 625 srcut
279 549 312 620 dr
338 547 432 620 idem
456 544 584 652 Paulru
612 543 724 637 dicit,
751 549 833 658 quia
861 552 947 620 Deus
966 567 1036 620 erar
1055 558 1094 620 in
1116 552 1239 648 clauis

161 649 316 720 mundum
353 647 571 718 reconcilians*
586 645 664 740 fili.-
704 643 763 719 sed
789 647 1100 722 reconciliationis
1126 653 1235 746 hujus

160 750 271 844 spatia
285 744 534 820 conversionis
550 744 679 820 nostrae
694 743 819 819 dilatio
830 746 862 820 u
873 748 1134 824 emendationis
1152 771 1241 848 neg·

160 848 311 945 ligentia
336 844 526 938 distendit,
553 845 780 942 &longiora
806 843 1017 938 constituit3
1057 849 1238 926 &donec

162 960 320 1023 evacuet
344 942 477 1021 omner'
496 946 720 1040 principatus
748 947 780 1017 dr
806 946 1023 1041 potestates,
1057 948 1091 1020 dt
1117 966 1238 1044 ponat

164 1067 294 1123 omnes
315 1047 484 1119 inimicos
505 1043 569 1118 sub
590 1045 740 1136 pedibus
760 1041 848 1139 suis,
875 1069 917 1120 ac
932 1046 1159 1124 novillimum
1175 1053 1242 1125 ini·

163 1151 297 1225 micum
322 1144 478 1218 destruat
497 1157 677 1234 mortem,
712 1145 761 1216 ita
786 1166 867 1220 eum
893 1168 1043 1242 regnare
1067 1163 1241 1242 oportet,

163 1265 208 1321 ut
233 1243 438 1342 mysterium
467 1241 633 1337 susceptb
657 1245 821 1318 incarne
845 1243 1115 1339 dispensationis
1136 1270 1241 1323 exer·

104 1407 108 1414 .
166 1363 269 1438 cest,
297 1345 467 1418 &bonos
482 1344 624 1434 quidem
643 1343 865 1436 manifestet,
893 1350 1091 1440 culpabiles
1115 1364 1239 1426 autem

165 1447 344 1538 recipiant
361 1444 605 1534 unusquisque
619 1442 813 1520 secundum
831 1466 944 1539 opera
960 1443 1037 1520 sus:
1062 1446 1124 1520 ubi
1144 1470 1239 1524 vero

167 1545 354 1619 tradiderit
370 1563 517 1639 regnunt
537 1543 622 1616 Deo
639 1543 671 1615 dr
689 1542 808 1636 Patri,
833 1545 870 1618 id
888 1543 960 1635 est,
979 1545 1240 1632 conversos&

170 1646 383 1720 emendatos
398 1664 524 1716 ornnes
545 1645 721 1716 obtulerit
738 1645 847 1735 Deo,
865 1645 899 1717 u
916 1644 959 1718 ad
974 1648 1154 1743 integrum
1169 1670 1243 1742 my·

168 1745 312 1832 sterium
338 1744 459 1816 mundi
482 1744 791 1818 reconciliationis
819 1747 1041 1840 expleverit,
1078 1760 1168 1820 tunc
1194 1753 1243 1824 ait

171 1837 255 1919 ante
280 1839 435 1917 tribunal
459 1842 529 1915 Dei
554 1841 689 1916 adstare
712 1850 930 1936 omnes,'ut
952 1847 1144 1938 impleatur
1168 1850 1244 1923 hoc

166 1945 270 2038 *quud
287 1939 462 2031 sequitur:
503 1943 588 2013 Vivo
603 1967 670 2036 ego,
694 1946 771 2014 dnn
793 1950 1070 2043 Dominamque
1088 1949 1174 2018 milri
1213 1975 1242 2020 r·

170 2045 277 2115 uetur
295 2065 384 2112 omne
398 2066 499 2133 gerru,
526 2042 565 2123 (5
580 2043 781 2132 confitebatur
798 2050 899 2115 omnis
918 2049 1029 2140 lingua
1051 2044 1133 2123 Des.
1193 2052 1244 2124 le·

171 2144 244 2217 ciet
260 2157 379 2215 sutem
397 2161 491 2237 genu
507 2141 625 2215 omnis
642 2158 807 2216 creatura
823 2143 909 2217 Deo
924 2148 1125 2222 innomine
1140 2147 1242 2244 jesu,

170 2266 235 2339 per
262 2262 367 2332 quern
392 2243 628 2316 reconciliata
650 2239 701 2315 est
725 2245 779 2334 ei,
806 2239 1000 2319 seeundum
1025 2249 1123 2337 quod
1145 2251 1243 2324 idem

170 2343 373 2439 Apostolus
392 2341 496 2413 dicit:
522 2344 603 2432 quia
618 2348 656 2412 irs
675 2349 802 2414 nomine
820 2347 900 2440 Jesu
923 2370 1012 2414 omne
1029 2373 1113 2439 genu
1131 2348 1243 2446 fladir-

154 2463 228 2528 rsr
242 2442 419 2526 telenum,
446 2445 657 2538 terrestrium,
682 2442 720 2518 (5
737 2443 951 2536 infernorum.
978 2445 1141 2521 Flectere
1159 2448 1244 2522 sane

170 2563 286 2642 genu,
314 2543 347 2614 u
371 2557 515 2616 omnem
539 2545 695 2642 linguam
725 2541 892 2617 confiteri
919 2543 1028 2638 Deo,
1062 2546 1108 2620 de
1131 2545 1244 2622 Esaite

172 2644 367 2735 Prophetae
385 2640 606 2716 sermonibus
626 2641 801 2737 assumpsit
816 2641 1029 2737 Apostolus.
1062 2648 1179 2741 Quod
1196 2664 1246 2723 ts-

170 2764 256 2819 rnen
286 2762 362 2815 non
388 2742 438 2814 est
464 2740 654 2816 carnaliter
682 2744 957 2835 accipiendum,
993 2759 1243 2842 utputcmus‚

171 2842 270 2933 qnod
291 2842 395 2912 etiarn
414 2841 587 2932 coelestia,
616 2862 693 2932 quas
712 2844 799 2916 dicit
814 2865 909 2940 genu
925 2843 1091 2935 flectere,
1117 2865 1246 2921 carna·

169 2945 263 3014 libus
280 2941 445 3010 membris
462 2938 582 3013 facere
599 2941 676 3012 hnc
690 2942 902 3017 credantur:
929 2948 1032 3018 verbi
1049 2945 1176 3039 causa,
1203 2964 1246 3022 ut

170 3053 319 3134 putetur
342 3040 400 3108 vel
424 3036 493 3122 sol,
520 3041 581 3111 vel
598 3042 703 3123 luna,
730 3039 788 3116 vel
809 3041 937 3134 stellae,
964 3045 1146 3120 ueletiam
1167 3046 1244 3122 An-

169 3139 260 3236 geli‚
288 3137 320 3208 u
347 3143 578 3229 quincumque
605 3136 686 3212 sunt
712 3161 788 3231 quae
816 3141 968 3216 coelestia
994 3146 1245 3234 nominantur,

160 3233 420 3332 'corporalibus
437 3237 569 3312 inflexa
584 3240 735 3335 genibus
755 3242 926 3329 adorare,
953 3257 1016 3317 aut
1041 3246 1148 3318 etiarn
1176 3248 1244 3320 lin·

166 3361 237 3439 gua
254 3338 407 3429 carnali,
436 3337 468 3412 u
492 3340 554 3409 tali
578 3342 764 3430 membro,
792 3344 884 3432 quali
908 3362 977 3416 nos
998 3342 1166 3418 homines
1188 3348 1242 3418 lo·

166 3444 328 3532 quinne,
355 3449 530 3530 putentur
545 3435 716 3511 confiteri
732 3439 869 3516 Deum,
888 3440 934 3515 de
952 3445 1078 3533 quibua
1093 3444 1240 3539 dicitur,

165 3543 247 3633 quia
272 3536 340 3612 sint
364 3535 503 3629 spiritus
527 3535 561 3609 dt
584 3538 693 3633 ignis,
720 3535 912 3615 secondum
936 3543 1034 3634 quod
1053 3542 1256 3638 Propheta,

165 3641 272 3713 dicite
305 3640 376 3732 Qui
395 3634 480 3726 facit
507 3640 639 3730 Angelos
658 3638 734 3725 suos
754 3642 912 3736 spiritus,
937 3643 976 3718 (5
992 3642 1240 3741 ministrossuar-

162 3747 261 3833 ignem
278 3753 431 3810 urentem.
468 3729 517 3808 Et
532 3757 609 3827 quae
622 3758 737 3832 genua
754 3740 790 3812 in
808 3739 983 3834 spiritibus
1002 3739 1071 3814 esse
1086 3745 1236 3836 creden·

162 3839 246 3912 turi
277 3850 337 3908 aut
354 3857 431 3926 quae
449 3836 568 3928 lingua
591 3837 652 3910 ini
678 3841 732 3911 nis
748 3838 865 3932 specie
882 3842 1111 3932 requiretur?
1163 3845 1237 3918 Sed

158 3958 253 4039 genu
272 3934 436 4046 [ludicre²
453 3931 614 4042 usubjeua
633 3858 706 4012 effe
722 3937 861 4030 cunda,
879 3939 913 4048 dt
930 3944 1042 4042 cultui
1061 3941 1130 4016 Dei
1145 3944 1234 4018 obe·

1103 4043 1183 4116 dire
