2825 4559
147 389 150 398 ,
217 317 308 404 -.19·2
399 249 1136 400 onlurnrico'nnnnrta.
1220 365 1283 388 ,,

236 467 327 543 sicut
340 465 508 560 scriptum
525 461 592 539 est:
620 466 700 534 Cum
718 459 840 555 effamm
858 468 984 536 inimici
1009 471 1089 555 Dei,
1111 447 1303 539 reconciliati

235 572 339 656 summ
352 589 407 663 per
422 569 603 658 sangninem
616 572 717 634 cincii
737 566 863 634 Filii
834 589 911 662 ejus.
941 564 986 638 Et
1003 521 1089 640 alibi
1103 568 1197 643 idern
1215 568 1303 641 Pau·

235 671 290 741 lus
314 668 450 739 addidit
466 669 519 738 liis
538 665 682 737 dicenS.
702 668 869 759 Rogamus
880 685 936 759 pro
953 666 1101 772 Cirrijiaf
1124 674 1305 738 reconcilia·

96 817 99 822 ,
236 774 320 839 mini
339 773 412 845 Dea.
447 765 482 837 St
498 785 581 855 qun
596 780 684 860 ergo
702 765 813 838 habet
826 785 949 857 pacem
968 767 1012 838 ad
1031 762 1168 853 Deum
1196 768 1305 841 &re-

238 868 451 940 conciliatus
470 865 521 937 est
535 884 599 956 per
616 863 819 960 sanguinem
838 864 988 947 christi,
1013 868 1105 939 ultra
1124 888 1200 939 non
1215 889 1305 941 con·

235 972 352 1062 tingat
372 987 433 1056 ea,
460 985 538 1055 quae
555 966 683 1038 nimica
702 964 781 1036 sunt
797 964 893 1038 Deo,
945 967 1010 1037 Vis
1030 981 1146 1039 autem
1166 967 1303 1060 audire,

239 1085 316 1158 quae
335 1063 413 1138 sunt
431 1064 516 1156 illa,
535 1084 612 1155 quae
632 1066 774 1137 inimica
790 1061 870 1136 sunt
888 1063 999 1137 Deo?
1026 1065 1153 1138 Paulus
1173 1064 1246 1159 ipse
1265 1068 1320 1140 te

232 1167 373 1256 docet,
401 1169 457 1255 qui
477 1167 546 1237 alti
579 1166 747 1258 Sapientia
770 1170 875 1234 carnis
899 1170 1029 1234 inimica
1052 1168 1091 1262 esi
1122 1171 1206 1235 Deo:
1243 1167 1304 1260 legi

229 1272 324 1338 {enim
337 1301 340 1306 ·
351 1269 413 1336 Dei
430 1288 496 1333 non
513 1261 711 1360 nisuijeria
735 1262 771 1335 si
789 1282 877 1359 ergo
899 1267 1087 1337 carnaliter
1103 1263 1226 1359 sapiae,
1242 1268 1304 1339 vel

233 1367 350 1438 vitam
370 1380 467 1437 tuam
486 1364 739 1455 cupiditatibus
759 1368 874 1437 carnia
890 1385 1072 1457 exponas,
1100 1366 1134 1435 dr
1154 1365 1304 1439 affluen-

235 1468 287 1537 tia
304 1466 508 1537 deliciarum
526 1461 802 1557 resolvarie,aut
819 1462 843 1537 li
863 1463 907 1537 de
927 1466 1013 1559 legia
1028 1464 1211 1537 intelleiiu
1230 1484 1305 1536 car·

233 1567 367 1638 naliter
395 1565 439 1636 dt
460 1582 537 1636 non
557 1560 759 1655 spiritaliter
785 1539 930 1652 sentias,
959 1564 1087 1637 &haec
1106 1562 1303 1638 assertioni

238 1667 305 1738 bur
328 1664 486 1738 humanis
501 1676 578 1734 arte
597 1663 746 1754 quesitis
763 1663 888 1757 magis,
908 1683 1011 1753 quam
1030 1662 1173 1756 spiritali
1193 1666 1305 1779 gratia

103 1778 131 1854 ᾗ
149 1836 152 1846 ,
242 1761 471 1835 &intelletiu
489 1761 672 1836 subtiliore
690 1760 875 1853 defendas,
893 1781 956 1855 per
969 1762 1172 1854 sapientiam
1189 1768 1306 1835 carnia

232 1863 405 1935 inimicus
424 1860 574 1934 efficeris
593 1861 688 1936 Deo,
738 1860 821 1934 Nec
836 1859 930 1935 solus
950 1860 1025 1934 haec
1040 1862 1166 1934 Paulus
1182 1864 1219 1935 in
1237 1861 1306 1936 suia

235 1961 351 2048 literis
371 1958 508 2032 scribit:
535 1961 614 2033 audi
631 1961 664 2031 dr
680 1962 857 2053 Jacobum
874 1962 1000 2036 fratem
1017 1961 1166 2035 Domini
1184 1960 1307 2035 similia

234 2059 512 2155 protestantem,
529 2080 608 2134 cum
625 2061 731 2133 dicit:
761 2064 832 2154 Qui
849 2063 986 2134 voluerit
1001 2068 1118 2131 amicus
1134 2062 1188 2154 este
1198 2062 1305 2150 saculi

241 2163 353 2257 hujux,
380 2164 530 2230 inimicus
550 2163 614 2231 uei·
629 2162 843 2255 constituetur.
900 2162 969 2235 Sed
987 2161 1019 2233 ἃ
1035 2163 1193 2258 joannes
1208 2165 1307 2253 paria

239 2260 408 2335 testatur:
441 2259 570 2348 minii,
595 2262 732 2352 inquit,
758 2264 859 2333 nolite
882 2286 988 2332 amare
1011 2264 1180 2349 mundum,
1204 2285 1307 2359 neque

228 2375 296 2449 ω’,
322 2385 389 2456 qua
406 2365 444 2431 in
458 2362 572 2430 mundo
583 2361 680 2450 sunl:
707 2368 855 2457 quoniam
870 2387 970 2448 amne,
980 2365 1056 2458 quod
1071 2368 1106 2432 in
1122 2363 1238 2431 mundo
1254 2361 1305 2452 efi,

241 2462 487 2557 concupiscentia
503 2468 611 2532 curnis
628 2463 678 2556 esi,
695 2465 735 2536 ss
752 2465 1000 2556 concupiscentia
1015 2464 1184 2549 mulorum,
1203 2462 1241 2537 θ
1252 2463 1306 2547 sn·

233 2562 342 2661 periia
357 2568 445 2643 vira,
457 2588 524 2657 quae
539 2586 606 2632 non
619 2564 658 2657 eJl
672 2587 711 2631 ex
731 2567 804 2635 Dea.
834 2560 956 2657 Igitur,
972 2563 1096 2652 inquo
1114 2564 1189 2634 lraec
1206 2559 1303 2652 sunt,

236 2682 317 2736 non
336 2660 454 2753 potest
471 2663 604 2735 habere
624 2681 749 2753 pacem
769 2661 812 2734 ad
831 2661 969 2751 Deum,
998 2659 1056 2734 sed
1081 2659 1214 2734 rursum
1240 2663 1307 2732 ini·

240 2757 390 2857 micitias
409 2759 567 2849 suscitat,
594 2762 692 2852 illas,
718 2783 786 2854 pro
802 2763 930 2851 quibus
947 2761 1128 2835 solvendis
1144 2758 1304 2833 Christus

240 2862 409 2951 advenit,
438 2860 526 2932 sicut
551 2861 585 2932 dc
610 2861 704 2932 idem
733 2859 932 2953 Apostolus
960 2862 1048 2931 dicit
1073 2859 1119 2931 de
1143 2857 1306 2932 Christo:

242 2961 306 3057 lpse
323 2960 362 3056 ⁶fi
376 2965 460 3029 eninr
475 2981 539 3053 pax
554 2959 678 3056 nostra,
706 2966 764 3055 qui
784 2959 865 3050 fecit
890 2977 1160 3055 alioquentem,
1187 2957 1224 3033 di
1244 2985 1307 3029 mes

239 3065 328 3132 dium
341 3067 497 3156 parietem
506 3063 586 3155 lepis
600 3060 738 3146 salvent,
749 3064 937 3131 inimicitias
953 3067 989 3130 in
1004 3085 1098 3130 carne
1107 3064 1187 3148 sua:
1213 3059 1307 3154 legem

237 3164 486 3232 mandatorum
473 3163 655 3231 induretis
671 3184 836 3247 evacuans,
850 3175 886 3229 ut
900 3164 975 3231 duos
991 3162 1162 3230 canderal'
1148 3185 1185 3228 rn
1194 3161 1307 3247 [emet-

238 3264 346 3359 ipfin'
334 3287 370 3330 nr
385 3286 448 3330 arna
465 3283 546 3330 nour
561 3262 685 3331 humine
701 3260 948 3353 facienrzpacem
976 3258 1125 3353 Quodsi
1143 3258 1305 3331 Christus

239 3362 412 3451 advenit,
438 3373 480 3432 ut
503 3360 704 3435 inimicitias
721 3358 900 3451 solveret,
927 3377 1051 3450 pacem
1079 3358 1236 3445 faceret
1264 3374 1306 3431 ac

239 3460 438 3535 diffidentes
455 3479 524 3532 noa
538 3473 689 3553 propter
706 3459 824 3551 sepem
844 3460 1006 3549 malitie,
1034 3476 1136 3550 quam
1154 3471 1306 3551 peccan-

238 3560 287 3633 do
303 3562 495 3649 texuimus,
504 3560 756 3632 reconciliaret
774 3559 858 3631 Deo
874 3564 1014 3651 peccati
1034 3553 1114 3649 sepe
1129 3557 1304 3631 resolutae

237 3661 298 3750 qui
313 3661 442 3732 iterum
460 3659 501 3730 ad
518 3674 668 3751 peccata
685 3660 939 3749 conuertitur,
967 3659 1039 3731 sine
1059 3659 1168 3735 dublo
1185 3655 1304 3729 rursus

131 3817 136 3824 .
237 3759 437 3832 inimicitias
466 3761 627 3851 reparet,
657 3754 828 3849 &sepem
853 3754 1071 3832 dissensionis
1094 3759 1242 3844 intexit,
1270 3757 1304 3828 dr

137 3865 140 3870 “
238 3878 303 3952 per
319 3859 499 3951 haecoprn
517 3855 643 3930 Christi
659 3856 790 3949 solvit,
819 3857 852 3930 dt
877 3875 1019 3931 crucem
1044 3858 1260 3949 passionis}
1229 3873 1306 3928 eur

239 3974 401 4031 evacuat
454 3956 523 4034 sed
540 3976 612 4032 noa
620 3959 787 4112 justificari
806 3983 844 4030 rx
857 3960 938 4049 fide,
963 3980 1066 4055 pacem
1083 3882 1260 4129 immi
1266 3957 1306 4028 ad
