2825 4559
262 335 324 413 IN
349 334 522 411 EPIST.
553 331 630 408 Ab
655 331 1021 416 Rotundus.
1048 335 1110 410 IX.
1158 346 1236 432 ω’

160 499 341 573 manducet.
384 496 495 570 Unde
513 494 675 581 constat,
703 517 785 570 eunt
801 495 846 570 de
864 498 948 570 cibo
966 495 1147 571 verbi-iste
1165 513 1234 572 tra·

163 600 280 692 stare,
307 596 535 670 &infirmum
553 596 674 669 dicere
700 593 769 668 esse
794 593 920 670 infide
939 617 1039 682 euin,
1070 600 1128 688 qui
1155 619 1231 682 nott

162 701 214 773 ita
234 696 412 792 persedus
431 695 482 770 est
498 694 666 785 sentibus,
678 713 718 768 ut
734 694 999 788 possitomnenr
1016 698 1134 771 cibum
1153 719 1234 770 ver·

164 801 202 874 bi
222 799 291 870 Dei
313 794 470 887 sumere,
495 796 585 868 sicut
601 795 724 888 &ipse
740 783 939 887 Apostolus
964 798 1001 869 in
1011 800 1096 870 eliis
1124 798 1231 872 dicits¹

168 896 385 990 serratorum
399 914 503 967 autem
519 896 558 991 est
574 897 659 966 cibus
668 898 807 984 solidus,
831 919 958 977 eorum,
984 902 1040 990 qui
1061 920 1116 990 prr
1134 894 1232 992 prffi·

164 1000 295 1069 bilitote
315 998 460 1085 sumendi
485 1001 668 1066 exercitatos
692 998 810 1065 habent
832 987 943 1084 sensus
965 1001 1005 1066 ad
1022 999 1232 1082 discretionem
1314 1067 1326 1086 ,Ι

165 1101 240 1169 sons
254 1098 293 1174 (5
306 1098 394 1170 muli.
428 1096 478 1167 Et
491 1096 621 1170 iterum
637 1096 679 1168 ad
697 1098 787 1167 alios
803 1096 910 1167 dicit:
938 1099 1007 1166 Lac
1024 1099 1111 1167 vobis
1121 1115 1232 1193 porum

165 1202 256 1289 dedi,
275 1223 340 1286 non
356 1197 469 1285 escam:
491 1199 631 1265 nondum
647 1201 731 1266 enim
743 1202 909 1289 poteratis.
935 1193 983 1267 Et
999 1199 1171 1289 numquid
1183 1199 1235 1272 ita

165 1300 277 1389 inepti
296 1299 448 1388 erimus,
474 1303 515 1368 'ut
533 1310 700 1387 putemus
718 1293 936 1387 Apostolum
946 1333 964 1388 ,·
974 1297 1035 1385 qui
1049 1296 1165 1382 missus
1182 1297 1234 1372 est

165 1398 361 1493 predicare
377 1399 530 1470 verbum
549 1396 641 1488 Dei,
669 1397 723 1467 lac
739 1393 894 1487 portasse
911 1392 1044 1489 secum,
1056 1395 1234 1486 quodcu-

167 1499 311 1570 rinthiis
330 1511 456 1587 potum
474 1494 603 1568 daret?
637 1494 709 1568 Sed
723 1492 943 1568 manifestum
963 1494 1031 1574 est,
1058 1499 1134 1570 haec
1152 1519 1234 1584 eum

167 1599 214 1672 de
232 1597 401 1688 qualitate
416 1597 521 1678 ¹uerbi
544 1595 735 1686 proloqui,
762 1594 794 1666 dt
812 1610 1005 1685 propterea
1022 1596 1164 1692 dicere:
1199 1595 1235 1670 Si

167 1701 245 1789 quis
262 1693 439 1769 infirmior
455 1692 506 1766 est
522 1693 695 1774 sensibus,
722 1695 754 1765 dt
777 1714 852 1766 non
875 1693 926 1766 est
947 1697 996 1766 itt
1015 1695 1180 1789 perfode
1194 1695 1236 1768 fi-

169 1799 241 1888 dei,
259 1811 302 1869 ut
318 1795 362 1867 de
380 1793 632 1866 secretioribus
650 1793 823 1886 mysteriis
839 1795 955 1885 capiat
972 1801 1138 1887 verbum,
1157 1817 1235 1870 non

167 1900 303 1970 debere
318 1899 351 1968 ei
368 1911 505 1986 pstea,
533 1915 610 1984 quat
624 1894 825 1987 intelligere
844 1895 1075 1985 non-potest,
1103 1893 1237 1990 discep-

169 1999 328 2069 tationes
348 1996 610 2090 cogitationum
627 1996 780 2068 moveri.
810 1997 900 2066 Artas
918 1999 1014 2081 sirim,
1030 1997 1158 2086 inquit,
1173 2009 1251 2066 cm

170 2102 222 2173 dit
238 2100 427 2166 manducare
442 2099 560 2174 onnia.
611 2090 701 2165 Non
727 2112 790 2185 per
817 2093 892 2166 haec
912 2092 1039 2167 Paulus
1059 2095 1241 2171 adomnia

175 2193 398 2270 comedenda
423 2192 614 2287 discipulos
639 2191 828 2280 hortatut3¹
851 2215 921 2280 nec
937 2197 1027 2289 guse
1042 2197 1074 2268 dt
1091 2197 1240 2293 gurgitis

173 2294 227 2368 est
248 2295 433 2388 magister:
465 2292 524 2366 sed
550 2294 594 2364 de
617 2292 685 2362 illis
711 2291 783 2363 stne
808 2294 919 2366 dubio
946 2295 1055 2382 dicit,
1085 2317 1239 2386 quorum

170 2393 262 2467 fides
289 2391 446 2486 persedit
471 2392 541 2480 est,
566 2392 723 2490 boelus
741 2394 776 2464 in
794 2394 910 2464 uerbo
929 2392 999 2466 Dei
1017 2394 1242 2474 discretioni·

172 2494 240 2566 bus
255 2491 469 2584 impeditur:
496 2511 588 2581 quos
602 2490 905 2583 idernApostolus
924 2493 959 2566 in
976 2494 1051 2566 asiis
1068 2495 1241 2589 spiritales
1268 2536 1276 2552 r

176 2593 358 2684 appellat,
386 2611 466 2664 cum
487 2590 596 2670 dicit:
623 2593 791 2685 Spiritosis
813 2608 920 2680 putem
943 2601 1105 2666 examinat
1127 2593 1243 2678 omnia.

176 2691 255 2786 lpse
275 2689 325 2763 est
341 2709 443 2785 ergo,
455 2691 501 2764 de
516 2709 588 2780 quo
605 2689 664 2762 hic
677 2690 784 2764 dicit:
798 2695 907 2772 ¹tisim
923 2689 1029 2762 'autem
1045 2700 1142 2768 credit
1156 2727 1246 2772 man.

181 2796 295 2862 ducere
308 2796 425 2864 omnia.
464 2789 681 2879 Denique&
698 2790 904 2885 Apostolis,
931 2808 1120 2883 antequam
1140 2800 1246 2891 spiri.

177 2905 254 2966 tum
274 2889 428 2964 fannon
446 2891 675 2983 acciperent,
702 2890 888 2964 dicebatur
907 2913 925 2966 a
944 2892 1123 2970 Domino:
1152 2907 1247 2976 Mus·

176 3009 213 3066 te
231 2993 332 3063 adstuc
348 2992 443 3061 haben
462 3014 529 3085 qua
544 2990 653 3085 loquer
672 2991 782 3084 vobis3
801 2991 855 3077 sed
870 2991 934 3063 nort
946 2996 1068 3094 potestis
1085 3000 1142 3068 islo
1159 3009 1246 3077 modo

176 3096 298 3166 audire.
331 3096 449 3166 Veniet
466 3105 571 3162 autem
591 3091 773 3160 Paracletus
784 3095 935 3188 ,Spiritus
950 3103 1118 3185 veritaris,
1129 3102 1168 3179 (5
1185 3106 1247 3199 ipse

178 3191 500 3266 vordoctbinmm'a.
551 3187 620 3264 Ista
645 3188 726 3263 sunt
752 3210 842 3286 ergo
866 3198 1005 3283 omnia,
1032 3219 1108 3289 quae
1132 3206 1248 3279 credit
1301 3195 1305 3210 ’

179 3291 396 3369 manducare
419 3292 471 3378 is,
499 3291 558 3380 qui
579 3308 646 3380 pro
663 3285 749 3361 fidei
773 3291 997 3381 perfessione
1021 3307 1249 3395 pergratiam

161 3390 288 3468 santii
310 3391 460 3481 Spiritus
480 3409 593 3481 capax
613 3391 712 3463 verbi
729 3387 931 3468 secretioris
949 3395 1134 3479 exstiterit.
1177 3404 1250 3478 Ha·
1309 3410 1311 3414 '

180 3495 245 3568 bet
263 3505 384 3563 tamen
402 3485 564 3561 infirmus
581 3490 678 3577 quod
698 3487 875 3566 sumat-ex
893 3498 1009 3570 verbo
1029 3498 1122 3590 Dei,
1150 3502 1183 3576 dt
1199 3503 1251 3586 est

184 3591 321 3686 species
349 3589 509 3680 quedam
529 3588 650 3667 verbi,
676 3608 780 3678 quam
798 3591 857 3665 hic
875 3593 1073 3688 Apostolus
1091 3601 1174 3673 oltra
1194 3624 1256 3698 eps

184 3689 360 3786 pulavit,
395 3708 472 3776 quae
496 3685 673 3766 audientis
696 3687 829 3762 sensum
860 3710 1034 3770 nontam
1067 3702 1253 3778 tobussum
1328 3757 1330 3762 -

186 3791 314 3880 ¹reddat
335 3789 369 3861 δι
389 3786 542 3884 sortem,
569 3805 673 3875 quarn
697 3785 868 3862 sttstentet
893 3793 1089 3872 &interire
1108 3824 1184 3875 non
1205 3803 1256 3876 fa·

188 3894 273 3965 ciat.
308 3890 348 3962 ln
365 3889 483 3962 multis
500 3889 633 3960 eteniin
651 3887 694 3960 dc
712 3889 943 3966 interioribus
959 3899 1081 3970 aninae
1101 3900 1255 3979 sensibus

181 3990 370 4090 Scriptura
383 3991 507 4068 divina
524 3985 620 4086 quast
636 3987 680 4065 dc
696 3990 937 4070 exterioribus
954 4005 1120 4094 corporis
1138 4002 1255 4088 locui·
1322 3999 1338 4076 '.

591 4125 593 4129 ·
1162 4113 1233 4168 tux
1293 4153 1302 4168 ..
