2825 4559
146 229 156 243 ⁸
241 295 507 382 moriar.
533 281 612 374 do
636 293 868 376 ιιοιιιιιι.
892 293 997 377 cru.
1024 293 1085 376 rx.
1137 305 1207 395 ιιι

129 465 218 542 deu
239 469 298 558 qui
318 459 505 545 vitaida,
531 459 741 553 &morumss
767 475 876 555 etque
895 461 1034 537 atinum
1051 474 1154 537 tenet
1170 466 1211 537 li·

131 570 270 657 'bram,
296 579 337 637 ut
363 585 441 636 non
468 562 572 660 poiir't
598 565 641 635 ab
666 560 743 633 ulio
768 562 954 638 homiuum
978 564 1207 657 reprehendi,

144 666 211 741 iste
228 669 324 740 bona
350 684 474 736 coram
495 662 663 735 omnibus
681 662 886 737 hominibus
905 664 1087 756 providet.
1139 659 1211 738 Sed

144 769 268 842 &hoc
287 763 537 852 advertamus,
565 763 753 853 quomodo
779 781 856 836 oon
880 763 970 846 dixit
990 762 1207 858 Apostolus,

145 879 188 939 ut
214 864 380 938 omnibus
403 863 609 937 hominibus
632 863 854 957 placeamus,
879 861 938 937 sed
957 877 998 938 ut
1016 865 1209 958 providea-

139 986 219 1042 mus
248 970 345 1038 bona
371 983 494 1038 coram
520 962 687 1036 omnibus
711 963 936 1056 horninibus,
970 965 1043 1037 hoc
1069 963 1140 1055 est,
1164 977 1207 1038 ut
1300 971 1304 982 '

140 1084 284 1164 agamus
310 1083 380 1139 uos
405 1062 504 1136 bona
531 1081 654 1136 coram
681 1064 848 1137 omnibus
874 1064 1104 1158 hominibus,
1130 1064 1207 1140 five

137 1168 207 1239 iliis
225 1169 390 1259 placeant
407 1184 484 1254 quae
502 1165 600 1237 bona
614 1161 714 1255 sunt,
741 1164 815 1237 five
830 1183 907 1238 non
924 1167 1102 1258 placeant
1188 1207 1191 1216 ·

214 1283 275 1342 αι’.
302 1268 343 1336 Si
367 1262 506 1361 pofflbile
531 1266 590 1360 ιβ,
612 1267 694 1361 quod
719 1290 756 1333 ex
779 1266 865 1335 veiis
891 1266 950 1358 ιβ,
976 1288 1044 1335 cum
1063 1265 1207 1337 omnibus
1234 1285 1239 1294 ’

138 1367 322 1436 hominibus
335 1385 439 1462 pacem
457 1366 618 1436 iubentes.
666 1362 790 1438 Sciens
816 1362 1039 1458 Ap0st01118‚
1066 1387 1206 1460 pacem,

136 1468 234 1538 inter
258 1485 351 1557 quoe
376 1485 445 1556 par
473 1466 646 1556 habetur,
673 1484 819 1538 non-ex
841 1483 911 1538 uua
935 1478 1058 1557 parte,
1083 1463 1141 1539 sed
1159 1485 1206 1540 ex

138 1579 293 1656 utraque
319 1563 503 1657 constare,
528 1585 576 1638 ne
601 1585 672 1639 nos
698 1567 848 1639 alteriue¹
871 1565 1029 1659 coimus,
1057 1565 1082 1639 sr
1108 1565 1207 1641 forte

137 1668 336 1758 impacatus
362 1665 550 1758 evenerit,
584 1667 731 1738 abono
751 1667 848 1757 pacis
869 1665 1043 1757 impedire
1067 1665 1207 1740 videre-

141 1781 220 1854 tur,
254 1764 565 1840 moderatissimum
591 1766 691 1840 dedit
715 1779 953 1861 preceptum:
996 1779 1037 1836 ut
1062 1766 1207 1844 interim

120 1864 261 1938 moster
280 1865 417 1938 animus
437 1864 574 1959 semper
593 1866 789 1961 suparatur
808 1867 851 1939 ad
868 1884 1008 1960 pacem,
1026 1865 1058 1937 dc
1076 1866 1208 1939 discor·

141 1965 209 2037 dia
225 1967 329 2058 culpa
346 1984 422 2038 noo
440 1985 552 2061 penca
566 1985 658 2062 noa,
684 1964 742 2040 sed
757 1987 869 2059 panea
885 1968 1035 2040 alterum
1052 1964 1207 2040 constet.

135 2064 207 2162 Sed
227 2063 371 2139 fortaiie
387 2066 484 2138 dicat
501 2067 642 2164 aliquia:
670 2066 873 2164 Quomodo
894 2064 1014 2162 potest
1037 2063 1135 2161 fieri,
1163 2079 1206 2140 ut

133 2185 264 2258 pacem
283 2183 364 2239 cum
379 2167 546 2240 omnibus
562 2164 769 2241 homiuibus
788 2165 1011 2241 habeamur?
1047 2165 1096 2238 Et
1121 2168 1206 2260 quid

131 2265 308 2338 iaciemus
327 2265 589 2360 descriptura,
617 2286 696 2359 quae
712 2267 820 2339 dicit:
849 2271 966 2340 Furem
990 2269 1138 2356 videbas,
1166 2267 1206 2343 (5
1262 2300 1285 2331 ν

135 2367 340 2435 concurrebas
362 2390 430 2434 cum
457 2368 530 2447 iiio,
556 2364 594 2440 (7
607 2391 677 2437 cum
691 2368 845 2438 adulteris
855 2377 1032 2463 portionem
1047 2384 1137 2440 tuem
1152 2365 1206 2465 ρι’·
1305 2415 1310 2430 ·

133 2458 253 2534 netas?
304 2463 395 2536 Ideo
420 2485 507 2561 ergo
534 2469 629 2538 berre
648 2465 848 2559 Apostolus
869 2469 1023 2566 addidit:
1048 2471 1142 2562 Quod
1167 2495 1206 2540 ex

135 2564 225 2634 odiis
242 2563 304 2661 esi:
330 2562 488 2655 boecii,
516 2565 613 2657 quod
623 2565 820 2658 'proposito
838 2567 960 2643 vestro
983 2567 1124 2642 &fidei
1142 2593 1205 2643 ue·

134 2663 214 2739 strar
230 2666 420 2739 convenit.
464 2665 556 2738 Cum
573 2668 673 2738 maiis
693 2667 789 2740 enim
804 2665 937 2741 habere
953 2690 1078 2763 pacem
1099 2670 1132 2742 dr
1150 2670 1206 2743 so-

135 2767 323 2855 cietatem,
344 2760 442 2857 ifidei
468 2763 597 2862 nostro
622 2765 883 2859 propositoque
909 2789 984 2843 non
1012 2774 1205 2862 convenit,
1235 2840 1237 2848 ,

134 2867 297 2955 quamvis
313 2864 346 2935 dt
365 2865 430 2935 alia
445 2866 482 2940 in
497 2867 586 2938 loco
599 2865 705 2962 poffit
720 2866 844 2940 haberi
858 2866 1045 2945 distinctio
1093 2870 1204 2946 Aliud

135 2964 186 3038 est
204 2966 298 3038 enim
314 2965 480 3040 homines
493 2983 631 3058 amare,
658 2966 752 3039 aliud
769 2969 916 3041 crimina
933 2970 1090 3067 diligere.
1128 2973 1204 3067 Qui

134 3064 301 3138 homines
323 3076 436 3149 amat,
462 3080 556 3141 amet
574 3081 773 3141 creaturam
792 3067 883 3141 Dei:
910 3071 969 3162 qui
989 3074 1135 3146 crimina
1154 3073 1206 3156 di·

134 3162 240 3259 ligit,
275 3164 421 3237 Diaboli
448 3163 599 3239 sectatur
623 3165 784 3244 inventa.
837 3170 911 3269 Qui
938 3190 1026 3268 ergo
1054 3169 1204 3266 perfecti

133 3262 236 3355 sunt,
270 3262 393 3359 ipsos,
426 3268 619 3360 inquibus
645 3267 1000 3364 oderuntcrimioa,
1036 3272 1204 3347 homines
1297 3327 1299 3334 .

131 3375 273 3437 amante
300 3363 438 3439 &odio
454 3368 629 3441 habentur
648 3370 685 3441 io
703 3369 756 3440 eia
774 3370 883 3463 iilud,
910 3372 1009 3464 quod
1033 3385 1205 3468 peccant,

129 3463 240 3554 iilud,
268 3463 367 3556 quod
382 3465 485 3540 Deus
504 3467 668 3560 creavit,
695 3487 812 3543 amare
828 3491 906 3546 oon
919 3473 1094 3550 desinunt.
1115 3521 1120 3530 -

204 3581 269 3639 22.
297 3569 378 3636 Nom
400 3571 702 3654 aponderantes,
728 3569 925 3663 churiffime',
948 3570 998 3671 sed
1015 3576 1088 3647 duic
1103 3574 1205 3648 lecum

133 3665 200 3737 ἕνα.
252 3666 414 3761 Scriptum
427 3667 467 3764 ιβ
481 3677 588 3740 enirn:
613 3669 707 3739 Mihi
722 3670 918 3761 vindiciam,
946 3701 996 3771 ego
1013 3677 1203 3771 retribuam,

130 3764 208 3834 dicit
222 3766 394 3837 Dominus.
437 3761 508 3861 Hi,
535 3770 596 3861 qui
612 3767 758 3864 seipsos
777 3791 854 3847 uun
869 3777 1079 3867 vindicant,
1106 3798 1197 3871 quo·

129 3863 245 3937 modo
267 3865 328 3937 irae
349 3866 472 3943 iocum
491 3871 600 3965 dent,
627 3871 819 3966 dupliciter
833 3878 918 3951 mihi
936 3880 1080 3953 videtur
1097 3883 1200 3955 intei-

127 3959 202 4062 lipi.
255 3963 351 4043 Nam
368 3966 492 4046 &hoc
510 3968 611 4069 ipso,
638 3975 739 4070 quod
763 3974 891 4072 (veihi
908 3978 1031 4080 causa)
1056 4001 1201 4060 manum

1084 4101 1165 4152 ma*
