2825 4559
127 223 132 230 ’
229 219 320 376 ‚144'
375 275 686 370 ,onroortrs
725 277 1130 369 commentare.
1180 397 1183 404 Ι

156 500 160 506 -
232 447 366 551 mundi,
392 443 550 534 quedam
569 445 673 519 nobis
689 443 844 519 intulisse
862 446 1006 520 videtur
1022 464 1210 546 augmenta
1222 471 1301 545 my·

137 555 139 561 ’
232 547 353 636 sterii,
379 559 420 617 ut
438 541 616 652 ostendat,
633 541 749 637 Jesum
767 549 1044 640 propitiatorem
1065 550 1135 626 eise
1151 537 1227 625 non
1241 552 1310 625 so·-

232 650 307 722 ium
324 647 569 735 credentium,
588 664 714 724 verum
733 645 766 717 dr
785 650 899 720 totius
915 650 1035 722 mundi
1048 654 1068 739 3'
1086 672 1161 725 non
1180 671 1301 730 tamen

231 749 331 842 priua
347 745 487 833 mundi,
512 744 548 818 br
563 743 851 833 tunc³nostrum3
877 745 935 821 se'd
954 740 1050 840 prior
1066 750 1242 840 nostrum,
1264 756 1299 825 dr

166 939 169 944 Ι
228 845 280 921 ita
304 848 447 942 demum
473 847 587 943 totiur
612 843 746 921 mundi.
798 849 974 945 Quamvis
1007 854 1103 925 enim
1134 853 1300 927 universa

223 963 397 1044 ,creatura
411 945 557 1042 gratiam
573 944 830 1038 Redemptoris
843 950 1040 1043 exspetiet,
1054 956 1299 1044 unusquisque

232 1063 352 1122 tamen
372 1049 409 1119 in
425 1046 490 1118 suo
507 1045 634 1134 ordine
652 1046 777 1120 veniet
793 1050 836 1121 ad
852 1043 1008 1124 salutem.
1045 1051 1131 1124 Hoc
1146 1054 1297 1127 indicari

232 1149 388 1222 arbitror
412 1145 445 1217 dr
466 1149 504 1218 -in
528 1145 723 1239 Levitico,
757 1149 818 1221 ubi
840 1152 1150 1243 repropitiationis
1174 1153 1301 1225 hoiiiae

229 1269 296 1344 per
314 1244 525 1342 pontificem
544 1248 757 1320 mandantur
776 1244 915 1339 offerri.
959 1250 1041 1325 Nec
1059 1267 1176 1326 tamen
1192 1255 1227 1326 in
1243 1254 1298 1328 hia

80 1329 83 1334 ¹
222 1331 481 1436 ¹sacrificiorum
506 1345 677 1420 confusus
704 1348 798 1422 ordo
824 1347 1062 1444 proponitur:
1094 1351 1153 1423 sed
1181 1355 1299 1445 primo

222 1452 375 1541 ‚quidem
394 1448 502 1538 dicit,
529 1466 607 1544 quaej
624 1447 665 1522 srt
683 1450 898 1542 propitiatio
909 1450 971 1544 „&
983 1451 1095 1541 qualis
1112 1451 1247 1546 hostia,
1272 1453 1300 1526 sr

221 1549 396 1623 sacerdos
421 1550 652 1643 peccaverit,
679 1547 865 1625 offeratur.
916 1550 1109 1642 Secundo,
1136 1551 1300 1626 sr-omnie

99 1703 102 1708 -
185 1747 188 1754 ι
223 1652 409 1746 synagoga
432 1649 623 1740 deliquerit
646 1671 712 1743 per
731 1652 990 1746 ignorantiam,
1005 1651 1219 1742 euiusmodi
1242 1658 1300 1725 vi·

219 1750 345 1824 -diimis
361 1750 644 1843 piaceturDeus.
672 1750 827 1844 Terti0,
853 1755 1056 1848 srprinceps
1074 1753 1300 1845 peccauerit,

231 1872 305 1942 quo
323 1851 451 1922 ordine
469 1847 709 1942 purificandus
724 1850 788 1944 stt,
814 1852 945 1928 scribit.
972 1854 1127 1952 Quarto,
1143 1851 1299 1925 ii'anima

228 1970 302 2024 una
320 1950 551 2043 peccaverit,
578 1953 685 2028 etiam
707 1953 753 2025 de
775 1954 849 2030 hoe
871 1954 948 2047 quia
971 1952 1012 2026 stt
1028 1952 1191 2041 expiandi
1206 1957 1299 2026 ritua

231 2052 438 2144 exponitur.
491 2051 584 2143 Quae
609 2053 741 2149 singula
764 2053 917 2146 mystico
937 2051 1119 2126 inteiiedbu
1141 2052 1300 2131 futuram

230 2147 360 2226 Christi
375 2150 672 2244 propitiationem
686 2174 762 2226 non
780 2153 894 2230 solum
913 2149 1301 2245 propeccatianostris,

155 2333 158 2342 ,
227 2252 288 2326 sed
314 2259 346 2324 dt
373 2271 442 2344 pro
467 2251 638 2328 universo
662 2253 799 2329 mundo
824 2255 931 2327 certia
949 2254 1149 2345 quibusque
1164 2251 1302 2326 ordini·

228 2355 318 2443 bue,
341 2352 508 2426 &modia
526 2353 706 2447 eausrsque
722 2352 922 2451 designant:
948 2354 972 2427 sr
992 2355 1069 2442 quis
1087 2367 1206 2427 tamen
1223 2353 1301 2426 baec

129 2471 132 2479 “
228 2453 421 2530 seeundum
447 2454 542 2530 illam
564 2452 850 2546 revelationem,
878 2475 955 2546 quae
977 2453 1098 2548 Moysi
1118 2453 1155 2525 in
1172 2465 1299 2525 monte

228 2552 472 2633 demonstrata
496 2553 566 2630 esse
592 2555 747 2648 dicitur,
779 2547 898 2630 santio
924 2551 1058 2646 Spiritu
1078 2554 1297 2626 illuminatus

229 2657 385 2753 aspiciat.
413 2655 472 2730 Fit
483 2679 569 2755 ergo
580 2678 644 2751 per
657 2658 997 2750 repropitiationem
1008 2652 1184 2748 sanguinis
1196 2650 1298 2724 Chri·

227 2759 270 2837 sti
285 2758 436 2833 remiffio
452 2761 691 2851 precedentium
707 2756 907 2843 delusarum,
935 2762 971 2824 in
986 2752 1209 2850 sustentatione
1222 2757 1297 2840 Dei,

227 2865 269 2934 ad
285 2861 474 2953 oflenfionrm
487 2860 703 2953 jufliriaesuae.
726 2854 947 2929 sustentatio
967 2854 1034 2927 Dei
1052 2851 1124 2935 est,
1143 2851 1203 2930 ubi
1216 2847 1298 2946 pet·

228 2973 333 3036 catur
355 2979 432 3032 non
457 2956 572 3032 statim
600 2958 748 3048 punitur
770 2971 813 3028 ut
835 2969 986 3049 peccat,
1021 2952 1078 3026 sed
1103 2944 1299 3026 secundum

229 3061 328 3153 quod
346 3060 477 3132 ibidem
493 3054 693 3150 Apostolus
709 3056 820 3146 dixit,
849 3073 913 3149 per
928 3051 1137 3146 patientiam
1154 3050 1221 3124 Dei
1240 3053 1298 3124 ad·

227 3162 371 3236 ducitur
390 3163 432 3231 ad
451 3159 719 3251 poenitentiam:
746 3156 777 3230 dr
800 3157 838 3230 in
856 3158 929 3230 hoc
954 3153 1146 3228 ostendere
1167 3153 1298 3225 dicitur

123 3341 127 3347 ,
224 3261 395 3357 Justitiam
415 3258 638 3346 suamDeua.
662 3255 762 3332 Bene
778 3269 897 3330 autem
915 3256 1068 3345 addidit,
1099 3257 1137 3324 in
1150 3254 1206 3323 huc
1222 3269 1298 3323 rem·

223 3387 318 3462 pore.-
345 3361 525 3456 presentia
544 3359 638 3433 enim
657 3355 957 3448 seculitempore
981 3357 1016 3427 in
1041 3352 1298 3427 sustentatione

226 3459 279 3538 est
292 3461 424 3556 justitia
445 3461 539 3548 Dei,
563 3457 680 3532 futuri.
696 3478 793 3530 vero
810 3458 846 3528 in
858 3457 1109 3528 retributione.
1160 3452 1296 3546 Justum

227 3583 382 3656 namque
400 3562 493 3654 apud
511 3559 629 3632 Deum
646 3551 759 3632 visum
775 3554 847 3646 est,
875 3568 944 3656 ut,
965 3559 1044 3645 quia
1062 3549 1221 3627 futurum
1238 3552 1297 3624 sae-

227 3659 348 3737 culum
366 3660 594 3756 adjudicium
612 3657 802 3748 statuerat,
829 3657 978 3748 presens
999 3652 1297 3728 sustentationi&

227 3764 410 3858 patientiae
427 3764 626 3855 deputaret.
679 3753 774 3830 Nam
791 3757 814 3829 sr
829 3757 973 3850 puniret
989 3758 1023 3827 in
1043 3760 1112 3826 hoc
1127 3770 1296 3846 tempore

227 3878 483 3957 peccatorem,
508 3858 638 3952 iustum
659 3880 737 3930 non
753 3859 963 3944 videretur,
988 3858 1118 3928 iterum
1140 3856 1182 3925 ad
1204 3851 1297 3944 judi·

226 3964 323 4039 ciunt
336 3983 440 4056 quem
458 3960 623 4057 punierat
640 3974 811 4032 evocare.
839 3957 875 4030 si
892 3974 984 4030 vero
1001 3952 1218 4067 sustentetdr
1236 3973 1296 4045 pa·

1178 4064 1242 4126 tra·
