2825 4559
90 320 98 343 '
233 338 307 428 516
395 269 1141 435 onroaurscomrran‘ran

232 502 333 580 Vide
347 501 443 577 enim
457 500 495 572 in
511 494 804 591 subsequentibus
821 498 904 590 quid
921 498 1090 596 adiungit
1142 502 1227 573 Cure
1240 506 1307 597 pri·

233 631 300 696 mr,
324 600 471 693 inquit,
488 622 527 669 ex
538 615 630 692 parra
639 595 773 691 fruitur
783 597 879 689 suero
893 599 993 675 uelis.
1026 600 1069 673 In
1087 621 1164 694 quo
1180 605 1309 692 utique

232 708 273 782 in
296 702 451 799 ipsorum
474 698 620 772 videtur
642 717 784 791 ponere
804 696 1002 791 potestate,
1028 701 1176 792 quando
1192 701 1241 774 ab
1258 706 1307 774 eia

231 809 304 882 iter
326 796 551 897 proposstum
579 797 710 871 debeat
728 799 897 871 relaxari:
922 798 1038 893 &per
1052 802 1127 872 hoc
1149 800 1308 891 quodam

233 903 349 983 modo
375 918 533 975 amorem
555 895 714 990 ipsorum
739 898 881 1003 erga-ie
898 897 1029 971 inuitat
1045 898 1079 972 dt
1096 902 1242 991 currit,
1269 915 1307 974 ut

228 1007 260 1082 st
277 1002 340 1101 ipsa
356 996 598 1074 insatiabiliter
615 1017 698 1093 erga
717 994 881 1071 affeltum
900 1013 1091 1071 teneantur
1107 997 1306 1092 Apostoli,

232 1106 348 1182 sciant
366 1102 474 1174 etiam
490 1093 602 1190 ipsum
625 1097 661 1168 id
676 1096 811 1170 habere
826 1096 1022 1190 proposui,
1048 1118 1127 1173 non
1148 1098 1251 1192 priua
1270 1101 1308 1173 ab
1334 1081 1338 1112 ⁴

78 1229 81 1234 ·
234 1210 288 1282 eir
313 1199 515 1288 discedere,
540 1214 660 1286 neque
678 1197 750 1268 alio
768 1193 967 1290 proficisci,
993 1218 1097 1289 quam
1126 1199 1308 1272 charitatir
1334 1219 1337 1248 ³

232 1303 400 1402 ipsorum
409 1298 522 1395 gratia
536 1293 752 1387 perfruatur.
804 1298 922 1394 Quam
949 1311 1069 1371 tamen
1093 1297 1307 1372 charitatem
1335 1321 1338 1334 ¹

233 1416 372 1479 tantam
397 1393 580 1492 presentit
603 1395 794 1487 suturam,¹
810 1396 867 1467 cui
885 1415 956 1468 nuc
973 1397 1077 1488 possit
1094 1418 1142 1469 ex
1163 1401 1306 1494 integro
1335 1339 1340 1460 l

231 1498 417 1589 satirfiers,
442 1493 503 1570 sed
515 1510 678 1591 exparte,
702 1495 831 1586 inquit.
859 1492 1063 1569 Praemonet
1077 1499 1190 1587 enim,
1209 1497 1305 1588 quod

234 1606 273 1679 in
291 1599 458 1678 omnibus
474 1594 743 1690 evangelizandi
761 1593 921 1668 necffitar
940 1594 1164 1687 preferenda
1179 1597 1235 1670 sit.
1246 1595 1306 1670 Be

232 1725 281 1780 ne
304 1711 425 1775 autem
448 1695 523 1783 hir,
550 1714 640 1786 quoa
659 1693 823 1767 nondum
838 1692 1031 1767 secundum
1047 1713 1198 1770 carnem
1215 1695 1307 1769 vide·
1337 1669 1340 1726 l

231 1816 310 1891 rat,
338 1800 371 1873 dt
391 1796 434 1871 ad
455 1814 547 1888 quos
566 1794 727 1869 nondum
746 1794 784 1867 in
800 1813 959 1885 corpore
975 1796 1196 1883 advenerat,
1225 1814 1305 1888 pra·
1338 1795 1340 1854 i

232 1903 382 1979 sentiam
409 1894 517 1970 sui&
544 1896 826 1967 remorationem
854 1895 1074 1968 moderatius
1099 1895 1307 1986 pollicetur.
1337 1917 1340 2052 A

231 1994 510 2076 Defiderabilius
527 1995 621 2066 enim
638 1990 841 2083 suscipimur
861 1994 970 2079 bona,
988 2014 1067 2085 quae
1084 1995 1163 2068 cito
1177 1996 1308 2090 metui·

231 2121 311 2178 mur
331 2092 543 2170 auserenda:
568 2089 726 2163 securius
750 2111 843 2164 vero
865 2093 1099 2187 negligimus,
1127 2094 1233 2184 quod
1258 2114 1308 2166 re·

230 2213 401 2278 tenturos
417 2213 484 2267 noe
501 2191 636 2264 diutius
656 2189 844 2263 credimus.
897 2190 940 2265 ln
956 2207 1094 2266 tantum
1116 2206 1238 2268 autem
1254 2211 1307 2267 er·
1338 2167 1340 2246 l

257 2297 326 2374 ase
345 2297 598 2370 Romanorum
614 2291 730 2362 nutrit
750 2288 938 2384 affectum,
965 2290 999 2363 dt
1020 2295 1304 2366 remorationem

248 2419 329 2477 uam
345 2399 381 2469 in
393 2391 551 2488 ipsorum
569 2390 717 2463 arbitrio
737 2392 920 2471 collocat,
945 2406 986 2462 ut
1002 2390 1097 2464 dicat
1112 2391 1147 2465 se
1165 2395 1215 2466 ab
1231 2393 1305 2484 ipsu

137 2572 145 2593 ,
231 2496 483 2575 deducendum
499 2492 537 2563 in
555 2488 772 2581 Hispaniam,
789 2489 926 2563 &tunc
939 2490 1208 2582 deducendum,
1225 2511 1304 2566 cum
1337 2523 1340 2618 p

231 2600 314 2697 ipsrs
330 2596 427 2691 priua
443 2594 481 2664 in
497 2609 619 2664 amore
636 2586 867 2662 satisfecerit:
893 2592 931 2662 in
950 2610 1024 2679 quo
1040 2593 1167 2681 utique
1185 2591 1212 2664 sr
1229 2610 1308 2685 pro·
1338 2633 1340 2702 4

230 2697 417 2796 pensores
444 2687 668 2781 exstiterint,
701 2689 909 2762 demorandi
936 2689 1067 2764 diutior
1093 2687 1219 2765 causas
1244 2689 1305 2785 ipsi

230 2795 418 2894 Apostolo
445 2790 594 2864 dabunt.
727 2803 732 2810 ·

312 2917 368 2986 ¹4·
395 2893 497 2964 Nune
510 2911 586 2958 uero
597 2887 773 2982 proficiscar
787 2891 825 2957 iar
842 2883 1022 2983 Jerusalem
1035 2885 1222 2983 ministrare
1230 2886 1303 2974 stru·¹

228 2993 302 3070 tiu.
359 2991 480 3063 Placuit
495 2992 579 3058 eninr
597 2987 794 3057 Macedonia
810 2986 850 3062 d
866 2991 995 3084 Achaia
1017 2989 1217 3059 austeriorum
1241 2990 1301 3058 oli·

230 3118 326 3198 quom
337 3091 446 3186 facere
461 3094 501 3158 in
512 3106 661 3183 pauperes
669 3084 861 3175 spoliorum,
887 3092 1036 3185 quisunt
1050 3093 1089 3158 in
1108 3087 1301 3184 Jerusalem.

232 3192 548 3292 complendarum,
572 3188 612 3262 θ’
627 3185 776 3257 debitores
791 3186 869 3272 [unt
885 3212 1009 3259 aarum:
1035 3192 1186 3285 quoniam
1193 3188 1228 3283 st
1237 3189 1304 3284 spi·

229 3295 401 3374 ritualium
415 3313 519 3363 eorum
528 3290 701 3385 participes
715 3282 808 3374 salia
821 3289 901 3379 sunt
918 3291 1056 3377 Gentes,
1083 3288 1197 3360 lebant
1213 3286 1252 3362 (s
1263 3294 1300 3358 r'rr

227 3396 408 3474 ramalibus
421 3388 612 3486 ministare.
651 3389 719 3456 Hac
732 3411 799 3481 ergo
814 3411 884 3458 rum
898 3389 1168 3476 consummavero,
1195 3385 1237 3466 θ’
1252 3390 1301 3475 as·
1339 3410 1340 3478 p

222 3501 384 3600 flgnuuarr
408 3496 453 3562 eir
472 3486 617 3582 frullum
640 3485 749 3577 hunc,
771 3486 952 3582 proficiscar
969 3509 1027 3584 per
1041 3511 1098 3559 var
1118 3493 1157 3557 r'rr
1180 3489 1299 3584 Hispa·

225 3608 327 3674 niam.
356 3594 426 3666 Scio
443 3593 544 3676 araim,
569 3591 719 3683 quoniam
731 3595 867 3658 ueniens
882 3591 922 3657 ad
938 3612 1013 3674 uer,
1041 3594 1078 3658 irr
1091 3589 1295 3660 abundantia

226 3691 448 3773 iemiislionis
465 3687 584 3782 curilis·
597 3690 739 3761 ueniam.
782 3688 964 3785 Quoniam
982 3689 1159 3782 placuerit
1172 3686 1297 3762 Mace·

227 3799 345 3876 donia
363 3793 396 3865 dr
413 3788 556 3880 Achaiae
579 3787 814 3868 cosiatipnem
838 3789 989 3877 aliquam
1013 3787 1134 3861 facere
1151 3789 1186 3860 in
1208 3809 1293 3880 pau·

216 3919 333 3998 peres
350 3890 547 3967 sanctorum
579 3888 639 3974 qui
661 3883 742 3957 sunt
766 3887 803 3959 in
819 3884 1030 3978 Jerusalem,
1057 3883 1242 3979 possumus
1260 3885 1293 3962 u

226 4001 274 4078 de
288 3991 444 4076 secunda
458 3984 622 4087 Epistola
633 3985 679 4060 ad
693 3982 907 4064 corinthior
921 3987 1063 4083 pieniur
1079 3984 1235 4077 dicere,
1253 3988 1290 4060 in
1338 4005 1340 4036 ⁴

139 4055 206 4147 Ι
698 4139 724 4164 .-
760 4129 784 4200 3·
1139 4171 1141 4176 ,
1172 4105 1243 4178 qua
