2825 4559
154 381 162 414 ‘
227 364 493 465 rnrrrsn.
520 379 598 459 nn
624 378 1087 470 nonuncium.
1137 405 1210 485 209
1261 495 1268 504 ,
1304 328 1312 485 Ι,

140 542 311 645 pientius
332 567 410 622 non
433 546 625 621 temen-ita
646 546 719 639 jrnr
742 544 878 639 sepiens
894 559 1003 640 eret,
1016 561 1057 621 ut
1077 567 1211 627 civem
1243 588 1245 592 ⁷

141 648 278 745 posset,
295 670 342 723 ne
358 648 442 741 quid
455 647 661 741 inspienter
678 648 891 720 admitteret.
920 645 987 721 lste
1002 649 1098 722 ordo
1113 651 1148 741 dt
1163 651 1209 726 de

89 778 92 784 ·
116 816 123 825 .
141 749 314 846 pudicitia
332 747 515 826 habendus
533 744 604 839 est,
632 747 730 840 quod
746 766 823 821 non
838 746 953 822 stetim
969 751 1071 841 quit,¹
1081 763 1122 823 ut
1141 769 1210 826 vo·

140 849 249 925 luerit
267 847 472 943 pudicitiam
494 848 675 942 profiteri,
702 848 810 921 etiam
827 867 940 940 opere
955 849 1140 942 implebit,
1164 861 1209 926 ut

140 950 247 1024 nullis
264 947 563 1041 concupiscentie
578 946 724 1022 stimulis
741 947 903 1041 agitetur.
929 946 989 1020 Sic
1003 948 1037 1021 dt
1053 950 1211 1025 de'mru·

140 1048 346 1142 suetudine,
374 1048 475 1122 &de
492 1050 684 1142 patientia,
710 1046 744 1119 dt
768 1047 977 1144 de'srngulir
1002 1051 1203 1142 quibusque

144 1149 340 1223 virtutibus
354 1147 535 1230 sciendum
553 1147 614 1223 est.
649 1148 692 1222 In
709 1149 836 1238 quibut
852 1149 1020 1223 omnibus
1039 1150 1107 1220 dici
1124 1159 1214 1232 con-f
1302 1138 1312 1156 '

147 1249 270 1335 venit,
295 1248 375 1341 quir
401 1247 588 1321 condeleslor
612 1250 671 1343 legi
697 1251 791 1329 liei,¹
808 1248 882 1321 hoc
898 1247 970 1342 est,
996 1248 1210 1343 virtutibus,
1276 1318 1281 1325 .

138 1351 305 1440 secundum
322 1354 503 1421 interiorem
518 1350 683 1422 hominem.
718 1351 936 1423 Videndum
952 1350 1047 1419 uliam
1064 1354 1155 1442 legem
1170 1349 1213 1421 ἐπ’

140 1448 282 1540 membris
297 1454 392 1539 meis,
416 1465 640 1547 repugnantem
657 1452 717 1544 legi
734 1454 851 1520 temris
867 1473 959 1541 mee,
986 1451 1024 1524 U
1040 1455 1207 1545 captivum
1277 1483 1284 1496 ·

127 1572 191 1623 ¹me
215 1552 376 1621 ducentem
399 1555 437 1620 in
461 1554 522 1643 lege
543 1551 679 1646 peccati,
715 1574 783 1646 quc
816 1549 855 1647 est
887 1555 927 1620 in
948 1545 1093 1622 membris
1118 1554 1207 1630 meis.

141 1649 253 1743 Quod
274 1647 432 1744 superius
453 1650 611 1723 dixerut:
641 1650 730 1723 Velle
743 1654 829 1722 mim
842 1650 955 1720 benun
970 1654 1089 1748 adjacet
1105 1651 1201 1738 mihi,

140 1748 446 1823 bicvoluntetem
469 1750 558 1823 boni
584 1751 698 1847 legem
726 1750 856 1844 mentio
878 1752 1101 1825 nominavit:
1127 1747 1217 1844 qute'
1310 1827 1313 1834 ,

94 1935 99 1942 g
139 1848 199 1921 lex
223 1850 353 1924 mentio
380 1852 558 1923 convenit
582 1869 663 1924 cum
689 1852 768 1946 lege
792 1850 883 1940 Dei,
909 1850 1142 1925 &consentit
1157 1850 1205 1927 ei.

139 1946 210 2020 Sed
232 1948 366 2023 rursum
387 1964 509 2024 motui
533 1950 699 2043 corporis
725 1949 944 2024 &desiderit
958 1953 1073 2024 carnit
1090 1954 1207 2046 legem

137 2050 382 2126 membrorum
405 2050 510 2136 dicit,
537 2070 615 2142 quae
640 2052 820 2144 captivam
847 2049 947 2123 ducit
972 2052 1143 2141 animem,
1169 2048 1211 2123 &¹
1304 2129 1307 2142 ,

137 2150 279 2240 peceati
293 2150 429 2245 legibus
446 2149 572 2223 subdit.
601 2147 750 2224 Certum
762 2149 813 2224 est
828 2170 1003 2244 nemque,
1030 2152 1128 2241 quod
1144 2148 1220 2224 de·'

136 2247 261 2321 sideria
276 2249 389 2323 carnis
405 2250 552 2323 enimam
568 2251 713 2323 trahent
728 2249 773 2323 ed
787 2262 998 2344 peccatum,
1015 2251 1047 2322 dt
1062 2272 1141 2324 eam
1155 2250 1207 2324 leef

130 2351 240 2441 -gibus
258 2349 335 2441 eius
350 2348 517 2425 subdant:
545 2350 577 2423 δι
596 2348 685 2423 licut
702 2352 760 2424 lex
778 2351 929 2439 mentis,
958 2369 1035 2443 quae
1052 2348 1206 2425 consen·
1317 2415 1319 2420 .

137 2447 279 2521 ciccum
297 2451 376 2544 lege
396 2448 487 2542 Dei,
504 2449 527 2524 sr
544 2451 693 2524 enimam
710 2450 873 2544 potuerit
889 2451 1077 2540 obtinere,
1097 2449 1205 2523 addu·
1253 2472 1262 2497 ·

136 2548 187 2619 cit
205 2568 283 2622 erm
302 2548 346 2621 ed
360 2550 474 2645 legem
491 2549 580 2625 Dei:
603 2553 654 2623 lte
669 2549 703 2621 dt
718 2552 881 2642 lex,quae
898 2550 936 2625 in
950 2551 1118 2625 membris
1136 2548 1203 2643 est,

140 2638 178 2719 δι’
197 2644 489 2742 concupiscentia
515 2652 653 2742 carnis,
678 2648 703 2723 sr
723 2648 902 2723 seduxerit
923 2653 1094 2742 enimam,
1120 2669 1210 2743 pec·

139 2747 211 2820 cati
231 2767 307 2830 eam
329 2748 467 2843 legibus
484 2746 621 2824 subdet.
672 2748 743 2825 Sed
770 2769 851 2825 cunr
876 2749 954 2824 haec
979 2750 1127 2839 Paulus,
1155 2744 1209 2823 asi

136 2843 274 2938 sumpte
287 2847 470 2945 fragiliore
486 2849 660 2943 persone,
678 2852 773 2924 intre
789 2850 974 2925 hominem
990 2851 1111 2924 haberi
1129 2870 1206 2924 cer·

136 2947 268 3020 tamine
282 2946 479 3042 docuisset,
506 2949 539 3023 dt
562 2946 789 3043 ostendisset,
815 2949 913 3041 quod
941 2950 1048 3023 etiarn
1073 2945 1213 3044 contras
1313 2974 1317 2980 ·

136 3049 366 3122 voluntrtem
386 3068 452 3142 per
474 3049 644 3123 desiderit
665 3052 781 3124 cernit
805 3050 921 3124 anima
938 3047 1002 3122 usu
1018 3048 1094 3142 ipso
1116 3068 1203 3139 pec·

137 3147 240 3218 candi
256 3148 293 3221 in
310 3150 451 3241 pecceti
465 3152 550 3242 jure
565 3163 773 3243 reperetur,
801 3151 1063 3227 exclamatione
1088 3149 1202 3220 utitur

135 3264 182 3316 ex
200 3245 482 3340 personnilliur,
509 3268 614 3341 quem
630 3247 829 3345 descripsit,
856 3248 1011 3338 &dicite
1038 3248 1202 3341 Miserego
1262 3258 1288 3309 -’
1324 3260 1326 3264 ·

133 3341 247 3418 domo!
273 3349 361 3439 Quis
375 3369 423 3419 me
436 3350 582 3421 liberalis
600 3350 635 3421 de
650 3371 771 3445 corpore
785 3353 895 3420 mortis
911 3343 1038 3444 hujus?
1086 3346 1202 3421 Videt

134 3442 170 3518 se
190 3442 376 3540 miserum,
401 3450 494 3522 intre
510 3455 616 3541 quern
633 3463 692 3523 tot
707 3451 805 3545 leger
821 3448 883 3526 fibi
899 3450 1062 3524 invicem·
1072 3468 1201 3544 repug-

135 3559 243 3635 nent,
270 3559 330 3620 tot
347 3549 466 3640 prelia
480 3563 783 3625 commoventur:
814 3553 941 3644 Pugnat
956 3575 1027 3619 caro
1046 3551 1201 3639 adversus

131 3644 301 3740 spiritum,
322 3646 458 3741 spiritus
480 3667 583 3721 autem
606 3651 756 3739 adversm
780 3674 925 3723 carnem:
951 3652 1031 3740 lex,
1059 3670 1136 3739 qttae
1160 3649 1201 3723 in

135 3746 303 3830 membris
319 3744 574 3845 est,lrepugnrt
585 3749 656 3847 legi
670 3752 823 3844 mentis,
849 3751 1041 3841 &captiva
1059 3750 1202 3823 ducitur

136 3849 251 3917 anima
268 3847 304 3917 in
323 3847 402 3943 lege
410 3847 618 3942 'peccrtl‚&
634 3845 696 3922 sub
710 3851 801 3948 jugo
816 3853 891 3944 ejus
908 3847 1072 3940 efficitur,
1091 3850 1200 3923 etiam
1270 3909 1271 3916 Ν

136 3963 217 4017 cum
234 3946 383 4019 interior
399 3947 513 4024 homo
530 3948 600 4024 Dei
615 3951 697 4046 lege
714 3949 928 4027 deledieturt
954 3951 1144 4042 quomodo
1163 3950 1201 4020 in

134 4044 189 4119 his
208 4060 267 4124 tot
281 4045 460 4147 &utilibus
472 4051 666 4131 maltuco
681 4048 904 4136 miserumie
919 4043 1224 4157 diettltornu.R
1270 4123 1271 4130 Ν

652 4149 746 4256 Ug
1147 4161 1200 4217 m
