2825 4559
208 245 289 383 2⁶2¹
366 227 658 378 unionum
696 296 1155 390 conmonuit..
1230 369 1234 375 .

187 466 335 561 -ripuit,
353 464 591 558 complantari
611 484 675 556 per
691 465 770 539 hec
787 462 883 538 visun
898 459 1287 540 iit'stmiiitudinimor·

151 557 159 574 ⁶
213 569 260 640 tis
280 564 375 656 ejus:
401 561 764 638 seduresurrettiont
781 560 860 661 ejus
880 559 1146 655 eomplintatus
1163 558 1205 631 sit
1220 578 1287 649 per

214 667 312 755 hoe,
339 665 437 755 quod
463 667 495 737 ei
522 664 671 750 diciturt
713 668 817 736 Hodie
839 688 954 733 micum
976 667 1041 733 eris
1066 666 1104 729 in
1128 655 1286 754 paradiso.

213 764 336 856 Digna
358 784 511 857 namque
535 776 613 837 erat
632 766 753 858 planta
772 763 943 855 pauidi,
966 782 1046 851 quae
1063 759 1182 831 arbori
1201 758 1290 829 vitae

215 861 351 939 sociata
367 862 428 935 est.
465 862 661 956 Propterea
681 885 790 959 ergo,
817 862 914 954 quod
934 862 1073 934 dixerat
1089 855 1292 951 Apostolus

217 962 455 1056 complantari
474 963 689 1037 similitudini
708 967 836 1037 mortis
854 960 1004 1056 Christi,
1031 961 1098 1032 alia
1113 956 1232 1028 rursus
1252 953 1292 1029 fi·

217 1083 307 1160 gura
323 1066 477 1153 repetit,
501 1063 535 1135 ἃ
552 1062 659 1135 dicit:
686 1066 776 1157 Quia
793 1081 887 1134 vetui
902 1064 990 1132 homo
1005 1060 1106 1157 noflet
1115 1058 1205 1151 fimui
1219 1081 1291 1126 cru·

110 1163 155 1233 ts
217 1163 449 1257 cifixusefiei‚
474 1181 512 1233 ut
531 1162 707 1261 destruatur
725 1172 832 1259 eorpus
849 1167 976 1259 peccati.
1027 1159 1231 1247 minuitis,
1259 1158 1294 1230 δι

217 1262 311 1356 sepe
329 1258 398 1357 jam
420 1263 596 1353 diximus,
622 1264 707 1353 quid
731 1262 782 1336 ‘est
810 1258 1043 1353 concrucifigi
1068 1255 1232 1342 Christ03
1260 1257 1294 1327 dt

127 1362 142 1450 ᾗ
220 1364 266 1436 de
284 1361 568 1533 veterigtomine
582 1358 671 1455 saepe
690 1355 938 1450 dedivinus:
965 1360 1060 1434 unde
1073 1359 1236 1430 breviter
1254 1358 1293 1428 in

218 1460 408 1557 presentil
440 1482 486 1534 co
506 1475 667 1536 veterem
687 1462 1061 1549 hominemdieimus,
1088 1459 1146 1549 qui
1171 1453 1291 1533 seeun-

221 1564 306 1635 dum
320 1560 436 1633 Adam
455 1562 548 1635 vixit
565 1563 855 1652 prevaricationi
872 1561 1056 1644 obnoxius
1071 1556 1106 1630 dt
1120 1571 1292 1649 peccato,

123 1699 127 1710 ·
222 1661 257 1734 ἃ
275 1661 332 1730 cui
351 1660 534 1734 dominata
550 1661 600 1752 est
618 1682 716 1754 more
732 1663 888 1756 peccati,
906 1663 1039 1749 dequo
1057 1656 1296 1749 chirographa

219 1762 362 1856 peccati
383 1762 500 1832 tenuit
512 1762 586 1852 ille,
595 1766 655 1851 qui
672 1743 826 1850 bibebat
842 1763 968 1835 mortis
976 1759 1187 1852 imperium:
1215 1774 1295 1843 quae

186 1857 191 1874 “
224 1862 307 1950 quia
335 1856 492 1932 Christus
520 1858 689 1956 sanguine
712 1859 776 1934 suo
801 1849 1050 1934 deiens'cruci
1071 1852 1139 1927 suae
1163 1852 1295 1944 affixit,

223 1961 332 2036 etiam
352 1978 420 2030 nos
439 1957 632 2032 secundum
651 1975 813 2033 veterem
829 1961 1033 2043 hominem,
1062 1957 1120 2045 qui
1139 1968 1295 2046 peccato

223 2059 408 2131 obnoxius
432 2057 524 2151 fuit,
552 2056 716 2131 crucifixi
742 2058 811 2132 effe
837 2060 1030 2149 debemus,
1057 2072 1094 2125 ut
1119 2056 1297 2145 destruatur

225 2180 334 2249 corpus
347 2164 480 2250 peccati,
507 2158 545 2234 (5
561 2160 650 2228 uitro
668 2183 734 2252 non
745 2162 921 2245 serviamus
934 2171 1064 2253 peccato.
1090 2152 1297 2225 Obseruan-

121 2350 123 2356 ,
223 2258 440 2331 domantem
458 2272 573 2350 puto,
600 2241 699 2348 qdod
717 2256 995 2350 Apostolus,ubi
1011 2255 1098 2329 dicit
1114 2251 1298 2345 destruen-

152 2376 154 2380 ’
224 2357 308 2429 dum
328 2333 397 2428 eiie
411 2360 647 2452 corpu1,ponit
661 2364 799 2454 peccati:
826 2361 885 2431 ubi
901 2374 1022 2431 autem
1039 2375 1115 2427 non
1132 2353 1219 2425 dicit
1234 2355 1297 2425 de·

223 2454 451 2536 struendum,
476 2478 553 2546 non
572 2479 679 2555 corpis
697 2464 824 2554 peccati,
841 2456 899 2531 sed
918 2478 986 2530 nos
1001 2453 1096 2547 ipsos
1111 2455 1198 2525 dicit
1214 2452 1297 2541 effe,

225 2557 377 2647 quinon
396 2554 589 2634 serviamus
607 2574 785 2650 peccato,
810 2572 851 2629 ut
866 2557 1051 2644 ostendat,
1078 2552 1212 2643 quini]
1233 2553 1293 2625 de·

225 2654 395 2746 strudium
418 2656 527 2730 fuerit
547 2673 680 2750 corpus
702 2662 863 2751 peccati,
892 2659 963 2747 jam
985 2675 1053 2727 nos
1070 2674 1145 2727 non
1167 2652 1296 2724 servia·

226 2775 305 2830 mus
322 2772 498 2847 peccato,
519 2756 583 2828 ¹cui
600 2755 735 2829 scilicet
755 2757 981 2846 servivimus,
1001 2756 1121 2825 donec
1135 2753 1171 2824 in
1189 2754 1298 2827 nobis

227 2874 304 2928 non
328 2870 405 2925 eret
421 2854 656 2947 destructum,
683 2878 752 2929 nec
775 2872 878 2929 erant
903 2852 1119 2928 mortificata
1139 2854 1297 2949 membra

226 2951 360 3040 nostra,
377 2973 458 3041 quae-
473 2952 553 3027 sunt
571 2953 676 3045 super
695 2972 838 3029 terram.
872 2954 940 3026 Sed
961 2952 1163 3047 diligentius
1179 2950 1296 3025 adhuc

225 3052 463 3145 repetendum
490 3052 561 3147 est,
590 3057 777 3144 quomodo
798 3056 927 3127 dixerit
950 3075 1056 3146 corpus
1070 3057 1199 3148 peccati.
1253 3049 1295 3123 ln

127 3237 131 3250 ἱ
228 3172 303 3242 quo
318 3151 451 3244 duplex
468 3153 543 3227 dari
561 3155 705 3226 videtur
721 3153 944 3245 intelleeius,
962 3156 1022 3226 vel
1039 3154 1120 3243 quia
1135 3147 1296 3227 nostrum

230 3271 364 3343 corpus
389 3253 528 3344 peccati
555 3252 625 3327 effe
649 3255 779 3326 dixerit
794 3274 948 3345 corpus,
975 3254 1035 3324 vei
1058 3254 1138 3343 quia
1155 3254 1298 3343 peccati

226 3350 334 3442 ipsius
356 3349 452 3422 dicat
474 3350 544 3425 effe
566 3356 752 3445 proprium
776 3354 920 3443 aliquod
942 3372 1094 3444 corpus,
1121 3350 1220 3440 quod
1236 3350 1297 3421 de·

222 3449 433 3550 ,struendum
450 3450 492 3523 sit
507 3451 581 3543 his,
608 3454 666 3543 qui
688 3475 764 3527 non
787 3454 1037 3526 debent'ultra
1060 3450 1194 3524 servire
1210 3471 1295 3540 pec·

228 3565 326 3624 cato.
380 3550 474 3646 Quia
493 3570 583 3647 ergo
600 3567 753 3641 uterque
769 3550 884 3625 sensus
902 3553 938 3625 in
956 3553 1132 3624 hocloco
1157 3551 1295 3625 admitti

227 3647 371 3744 potest,
400 3651 444 3723 de
463 3663 620 3740 utroque
637 3653 720 3741 quid
740 3654 846 3727 nobis
865 3653 1030 3724 videatur
1055 3669 1293 3743 exponemus.

225 3746 370 3823 Etenim
391 3749 415 3823 st
431 3751 618 3842 proprium
636 3771 768 3845 corpus
784 3772 959 3845 ponamus
976 3749 1046 3825 effe
1061 3752 1221 3842 peccati,
1243 3750 1296 3820 vi.

144 3857 147 3864 '
227 3848 392 3940 debitur,
420 3849 518 3939 quod
540 3849 629 3923 sicut
653 3852 697 3924 de
718 3853 794 3946 his,
822 3853 880 3944 qui
894 3854 933 3940 in
949 3871 1089 3924 novum
1108 3850 1294 3926 hominem

223 3951 379 4047 reparati
402 3947 506 4038 suut5
525 3946 656 4027 distum
681 3950 754 4047 est,
780 3954 863 4048 quia
876 3975 931 4024 uos
947 3951 1017 4051 'asiis
1031 3971 1140 4053 corpus
1160 3949 1294 4043 curnis,
