2825 4559
120 445 124 450 Ι
192 323 299 420 ,476
386 319 1127 454 0R1.ouuiscommuuunn.
1185 331 1188 340 '
1274 391 1277 396 .

225 500 286 558 tur
300 489 487 561 membris:
513 485 653 560 &ficut
668 483 758 582 sepe
776 488 985 582 docuimus,
1001 493 1212 566 interiorem
1230 491 1301 565 ho·

225 586 361 664 minem
383 591 444 662 vei
469 587 619 678 videre,
645 590 705 659 vei
727 588 871 680 audire,
897 593 957 663 vei
979 593 1158 665 ambulare
1177 593 1299 666 nomi-

224 688 325 778 nari,
350 688 400 760 its
424 687 458 762 u
482 707 580 776 nune
603 683 678 778 ipse
693 688 847 762 interior
866 688 979 763 homo
1004 706 1229 766 autumnum
1250 692 1301 763 ci·

222 786 309 872 bum
325 789 456 862 dicitur
471 785 573 880 poiss
589 787 777 882 percipere
794 789 816 864 u
832 788 1010 886 perfeiius
1025 789 1096 878 est,
1123 806 1186 863 aut
1202 790 1226 863 ir
1241 793 1296 863 in·

221 883 346 962 firmus
361 885 412 962 est
428 891 529 962 olere
541 886 768 963 manducare.
819 889 890 960 Sed
915 905 956 960 ut
982 891 1224 980 perrenorum
1257 893 1296 964 iu

128 1049 131 1054 .
220 983 381 1062 Eecieirr'
402 986 636 1061 concordiam
653 986 687 1057 ἀ
707 985 1019 1079 imperfectorum,
1045 1005 1214 1080 tanquam
1243 991 1297 1062 in·

221 1087 460 1168 honestorum
480 1086 517 1159 in
534 1103 695 1178 corpore
712 1089 957 1164 membrorum
982 1089 1296 1178 honestorumque

223 1203 442 1281 componet,
468 1207 539 1260 nee
559 1185 734 1260 habeatur
758 1187 794 1261 in
816 1190 867 1262 eis
889 1192 960 1261 uile
976 1188 1157 1284 diffensro,
1185 1190 1296 1263 dicit:

188 1357 193 1368 ,
222 1295 296 1386 Qui
321 1290 509 1373 manducor,
535 1311 604 1356 uon
628 1292 871 1358 manducantem
898 1289 1212 1385 prosperemur&
1235 1295 1292 1386 qui

180 1423 206 1484 χ
220 1391 288 1476 pon
305 1391 496 1470 munducat,
523 1385 764 1457 manducantem
783 1413 850 1458 non
861 1393 992 1483 judicer.
1027 1390 1112 1464 Hoc
1127 1388 1179 1461 est
1193 1388 1297 1481 quud

115 1564 120 1582 ,
220 1493 257 1568 &
274 1490 355 1564 {libi
373 1486 479 1562 dicit:
514 1486 610 1583 Quia
626 1510 690 1556 non
704 1489 795 1583 potest
807 1485 907 1562 dicere
924 1491 1028 1558 oculus
1043 1498 1179 1561 manui.-
1210 1495 1293 1561 Non

219 1620 251 1664 ss
268 1593 354 1660 mihi
371 1583 558 1679 nereffirrr'os
583 1583 622 1663 6
639 1605 729 1682 ceput
744 1590 889 1683 pedibus:
917 1595 997 1661 Non
1016 1592 1144 1684 defidero
1163 1611 1287 1684 operam

109 1743 131 1762 .,
218 1691 364 1789 vestram.
391 1690 451 1759 Sed
465 1687 673 1781 multomagis
688 1713 756 1784 qua
769 1692 921 1761 uidentur
937 1690 1070 1762 membro
1084 1709 1220 1783 corpores
1239 1696 1290 1759 irr-

219 1791 391 1886 honestiora
408 1783 482 1876 effir,
507 1786 677 1876 necrffnrr'o
692 1792 778 1872 suni.
833 1788 880 1866 Et
905 1790 958 1871 his
986 1811 1095 1885 ergo,
1130 1809 1288 1880 quorum

217 1890 308 1966 fides
322 1901 421 1961 truta
435 1883 487 1960 est
497 1940 510 1976 ‚
521 1901 572 1958 ·ut
587 1888 709 1962 omnio
724 1886 853 1982 possint
864 1889 1076 1962 manducare
1095 1887 1127 1961 u
1142 1909 1291 1963 omnem

216 1991 320 2064 uerbi
337 1985 490 2078 speciem
508 2003 660 2076 erpere,
686 2007 732 2060 oe
749 1986 954 2081 superbiant
965 1989 1002 2061 ·&
1019 1991 1286 2082 spernentem,

217 2092 277 2183 qui
298 2087 487 2161 inferiores
506 2081 607 2174 sunt,
635 2088 827 2179 praecipitr·
842 2087 876 2158 δι
894 2086 1027 2161 rursum
1048 2089 1125 2180 hir,
1153 2091 1214 2177 uui
1237 2091 1290 2160 in·

217 2207 367 2300 espacep
383 2182 464 2260 sunt
479 2181 705 2277 perfeuioris
722 2185 915 2279 doarium,
942 2188 1106 2280 mandet,
1134 2207 1181 2259 ne
1198 2187 1292 2278 judi·

217 2301 304 2364 cent
327 2305 415 2376 eos,
442 2304 596 2376 quorum
614 2283 730 2358 sensus
748 2287 1006 2379 commereri,
1033 2289 1067 2360 ot
1085 2287 1290 2361 inretieuur

215 2389 445 2466 eminentior.
503 2383 634 2457 Solent
659 2388 753 2458 enim
779 2385 950 2477 perverso
975 2390 1104 2461 ordine
1129 2389 1289 2481 imperiti

211 2491 354 2587 peritos
375 2483 552 2579 indicere,
580 2485 618 2559 o.
636 2485 771 2558 desides
790 2485 978 2561 studiosos.
1030 2487 1215 2559 Interdum
1239 2503 1288 2558 ts-

213 2610 298 2667 men
319 2585 353 2660 δι
371 2587 428 2675 hi,
455 2585 514 2676 qui
531 2582 685 2658 scientio
703 2586 819 2676 alique
836 2588 936 2660 initia
953 2579 1137 2677 ceperint,
1158 2586 1286 2660 inflan-

215 2707 276 2765 tur
293 2687 327 2759 &
344 2687 576 2758 extolluntur·
589 2683 773 2760 adversum
788 2706 879 2775 eos,
906 2689 964 2776 qui
982 2687 1151 2759 videntur
1165 2689 1283 2760 minus

214 2807 366 2881 capaces
388 2781 470 2857 effe.
505 2785 650 2856 Idcirco
668 2788 775 2879 igitur
793 2788 1043 2875 increpatione
1060 2784 1284 2881 Apostolicae

213 2883 437 2962 seueritatis
455 2881 583 2956 Paulus
601 2885 912 2977 utriusquepartis
930 2884 1154 2958 insolentium
1171 2888 1286 2978 repri-

212 3007 315 3064 mens
343 2983 447 3054 dicit:
487 2979 538 3054 Tu
565 2990 637 3079 quis
662 3009 711 3067 er,
739 2991 793 3078 qur'
818 2989 940 3080 judicor
965 2991 1106 3057 alienum
1130 2981 1284 3074 jeroam?

213 3092 278 3162 Suo
294 3088 416 3157 domino
424 3082 510 3177 flor,
536 3101 594 3153 oret
611 3084 704 3153 rodit.
732 3086 843 3177 Quod
859 3086 967 3176 dicit,
996 3090 1085 3170 Stat,
1108 3103 1168 3154 aur
1181 3091 1280 3171 coriis,

211 3183 403 3264 seeundum
423 3180 557 3256 sensum
575 3182 651 3274 ejus
671 3203 775 3275 quem
790 3185 955 3277 increpet
977 3186 1074 3257 dicit.
1126 3183 1222 3258 Nem
1246 3186 1282 3260 δι

210 3286 433 3382 imperitior,
458 3282 481 3356 u
501 3283 623 3356 videet
642 3285 839 3376 quempiam
859 3284 1072 3377 profundius
1089 3285 1281 3374 elipsim&

209 3404 252 3462 ut
267 3385 339 3482 ipse
358 3404 486 3474 capere
503 3403 580 3455 non
597 3384 739 3474 potest,
758 3381 989 3469 sentientem,
1016 3383 1181 3457 cecidiise
1197 3407 1280 3461 eum

206 3489 378 3584 iudicata
398 3479 480 3554 fidei
497 3481 609 3557 statur
636 3483 668 3552 δι
688 3480 821 3556 rursttm
842 3487 901 3574 qui
918 3483 1088 3556 inflantur
1108 3506 1154 3556 ex
1170 3484 1280 3559 scieu-

208 3594 278 3677 τῖε,
305 3586 339 3658 δι
369 3603 444 3656 non
470 3602 550 3657 cum
580 3585 771 3658 charitate,
797 3582 885 3656 sreut
904 3582 1029 3655 Penius
1050 3600 1279 3680 commonet,

209 3700 338 3780 sgunt,
364 3682 520 3756 similiter
538 3682 583 3754 rie
600 3683 878 3774 imperitioribus
902 3686 1101 3773 quibusque
1126 3689 1280 3775 opinan-

177 3784 180 3791 '
208 3801 285 3859 tur:
313 3783 444 3856 &ideo
459 3781 673 3875 potestatem
687 3781 786 3855 irstti
801 3782 980 3874 judicandi
998 3784 1115 3855 fratris
1131 3788 1276 3858 exemit.

95 3825 102 3944 i
209 3886 309 3962 Bene
327 3896 445 3956 eutem
463 3885 601 3951 alimum
611 3885 743 3967 servum
761 3877 841 3971 sit‚'
858 3883 937 3971 qnia
966 3882 1143 3955 Dominus
1167 3887 1276 3956 ritus:

208 3991 279 4075 llos
293 4001 399 4062 autem
414 4005 517 4060 omues
534 3983 661 4078 fratres
680 3989 758 4082 «μη.
812 3981 973 4079 Omnes,
998 3983 1072 4058 hoc
1098 3983 1171 4071 est,
1200 3991 1278 4058 utri·

147 4113 172 4151 sa
1123 4101 1225 4158 Virrio
