2825 4559
110 357 118 374 ·
159 315 162 320 ’
201 347 275 470 tu
300 341 477 420 rursu..
502 341 580 417 uu
606 339 843 423 nouum
870 339 974 426 tre.
999 342 1071 420 vr.
1121 319 1194 440 eri·
1294 283 1297 294 ¹

119 511 201 588 dam
221 526 286 600 per
303 506 379 579 hec
401 506 533 580 incutit
554 504 752 597 Apostolus
779 503 1028 602 auditoribus,
1055 518 1096 576 ut
1118 493 1208 579 hoc*
1269 487 1276 504 ’

120 603 243 689 saltem
265 603 426 696 obsequii
443 604 652 698 dependant
673 604 814 698 justitie
844 605 878 677 dr
902 603 1189 700 sanillsrcatloni,

120 709 220 805 quod
235 708 331 802 prius
349 705 582 780 immunditie
594 705 848 795 iniquitatique
863 705 1080 780 detulerant.
1092 698 1192 804 Quid

120 829 210 903 ergo
236 821 307 880 tam
330 805 541 890 humanum,
569 803 640 878 hoc
660 803 731 895 est,
760 803 843 895 quid
869 817 942 878 tam
970 807 1076 893 leve,
1104 806 1192 897 quid

120 924 192 990 tam
210 907 283 986 sure
301 925 428 995 onere,
449 903 594 996 &quod
612 905 710 978 uuila
728 902 871 998 prorsus
889 903 994 998 pour
1009 905 1126 977 camir
1140 907 1192 978 in·

122 999 273 1089 firmitas
298 1002 492 1080 excusare?
544 1007 656 1091 Sicut,
682 1005 822 1096 inquit,
849 1003 1040 1101 exhibuistis·
1059 1005 1192 1078 membre

122 1111 226 1211 urfica
240 1106 365 1197 firrvr're
384 1096 595 1174 immunditie
611 1103 650 1180 di
669 1107 898 1200 iniquitatibus
914 1109 1132 1201 iniquitatem,
1144 1112 1193 1179 ila

121 1209 211 1285 nunc
224 1209 365 1282 exbibete
378 1206 512 1276 membra
526 1205 630 1300 nestra
638 1204 763 1293 seruire
773 1203 908 1303 juflr'riae
924 1195 960 1274 in
966 1203 1194 1294 firnfiificaria·

124 1333 209 1385 nem.
260 1304 495 1402 ingloriosum
519 1305 661 1396 quidem
683 1302 754 1393 est,
779 1319 820 1377 ut
839 1305 981 1395 itaquis
1000 1304 1202 1379 virtutibus¹

124 1403 489 1490 irculvitiirserviat.
539 1404 664 1477 Multo
681 1404 775 1478 enlm
793 1404 1125 1498 ampliurdcmulto
1142 1406 1196 1479 in·
1331 1395 1335 1408 '

124 1512 263 1587 tentiua
283 1506 494 1584 honoranda
510 1502 642 1596 justitia
661 1503 722 1579 est.
769 1502 838 1580 Sed
853 1523 942 1599 ego,
967 1505 1106 1594 inquit,
1131 1504 1196 1584 hu·-

126 1629 233 1692 mane
249 1606 281 1685 dr
297 1605 540 1681 communiter
556 1625 643 1699 ago:
670 1605 795 1678 cadem
811 1602 977 1697 postulo,
1004 1602 1124 1678 similia
1140 1623 1205 1678 re··

130 1711 248 1799 quino.
300 1705 447 1779 Dudum
470 1707 662 1784 currebant
679 1704 789 1798 pedea
806 1703 912 1775 vestri
930 1704 973 1775 ad
991 1705 1197 1782 demonum

129 1809 284 1899 temple,
309 1825 408 1880 nunc
424 1816 572 1880 currant
590 1802 633 1877 ad
648 1802 842 1877 Ecclesiam
862 1801 942 1879 Dei.
995 1801 1198 1879 currebant

127 1912 227 2008 prius
244 1906 287 1985 ad
304 1902 679 1995 effundendum,nunc
697 1916 815 1975 autem
831 1902 874 1975 ad
888 1903 1111 1977 liberandum
1125 1901 1200 1978 san·

129 2010 274 2110 guinem
286 2022 443 2098 currant.
469 2002 790 2078 Protendebantur
800 2006 896 2095 prius
912 2021 1051 2090 manus,
1062 2019 1103 2075 ut
1118 2006 1202 2078 alie·
1256 2019 1262 2074 r

128 2129 175 2186 na
191 2106 412 2198 diriperent,
439 2122 536 2175 nunc
551 2104 880 2196 protendantur,ut
895 2104 1040 2196 proprie
1053 2105 1201 2202 largiam

130 2222 203 2290 tur,
230 2202 575 2295 circumspiciebant
589 2205 686 2294 priua
701 2202 799 2275 oculi
816 2204 1022 2292 mulierem,
1042 2219 1103 2275 aut
1119 2205 1216 2278 alie··

130 2325 218 2386 num
235 2303 366 2394 aliquid
381 2304 422 2375 ad
438 2300 788 2395 concupiscendum,
804 2321 901 2374 nunc
917 2302 1203 2395 circumspiciant

134 2424 334 2506 pauperes,
362 2404 520 2495 debiles,
547 2421 683 2496 egenos
711 2403 752 2475 ad
778 2398 1025 2478 miserandum.
1084 2402 1204 2480 Aurea

109 2529 112 2534 ·
134 2503 403 2583 deledlabentur
416 2504 539 2575 auditu
555 2521 669 2592 vano,
685 2503 747 2574 vel
761 2504 943 2576 bonorum
959 2502 1205 2596 derogationi·

136 2609 224 2695 bur,
249 2621 347 2676 nunc
366 2613 632 2675 convertantur
656 2601 698 2674 ed
715 2600 930 2676 audiendum
948 2603 1101 2677 verbum
1118 2602 1203 2693 Del,

138 2705 182 2782 ed
198 2704 489 2796 explanationem
505 2700 652 2797 legiqdr
666 2701 710 2773 ad
726 2701 933 2795 capiendam
949 2700 1126 2793 sapien'tiae
1143 2704 1208 2778 dis-

138 2806 317 2896 ciplinam.
344 2802 503 2897 Lingua,
530 2820 607 2894 quae
622 2802 818 2892 convitiis,
843 2800 1057 2894 maledidia,
1084 2805 1206 2877 &tur-

136 2903 309 3001 piloquiis
323 2899 455 2979 aliueta
470 2898 542 2991 est,
562 2900 802 2978 convertatur
820 2920 917 2976 nunc
935 2900 978 2975 ad
992 2904 1208 2981 benedicen-

137 3005 224 3083 dum
239 3003 439 3077 Dominum
462 3002 499 3073 in
524 3001 623 3076 omni
648 3007 834 3096 tempore:
861 2997 1061 3077 sermonem
1087 3002 1208 3079 sanum

139 3100 304 3204 proferat
321 3102 355 3174 dr
373 3098 582 3192 honesturn,
608 3112 649 3176 ut
665 3100 728 3172 det
742 3101 888 3197 gratiam
906 3101 1153 3195 audientibus,
1176 3099 1211 3178 dc

142 3203 335 3290 veritatem
352 3201 523 3291 loquatur
540 3219 620 3273 cum
635 3203 804 3308 proximo
821 3197 898 3276 suo.
930 3197 999 3275 Sed
1017 3204 1099 3291 quid
1116 3217 1211 3296 opua'

142 3299 196 3378 est
213 3300 289 3376 hcc
304 3299 437 3396 singula
455 3297 628 3392 persequi,
643 3320 724 3374 cum
740 3311 863 3395 pateat
876 3299 984 3375 etiam
1000 3303 1212 3394 tibi‚unius-

143 3401 318 3494 cujucque
335 3399 485 3473 membri
504 3397 758 3495 ministerium,
785 3398 884 3493 quod
910 3400 1073 3475 exhibuit
1099 3403 1213 3500 vitiis,
1237 3483 1243 3492 ,

146 3517 271 3595 aptare
291 3499 506 3590 virtutibus,
534 3496 720 3587 oraclum,
747 3517 855 3589 quem
877 3501 1040 3576 exhibuit
1063 3504 1215 3578 immun-

147 3601 257 3692 dicire,
266 3599 311 3675 ad
327 3596 524 3674 castitatem
540 3594 1043 3692 nuncsanrtificetionemque
1059 3622 1216 3677 conver·

144 3697 251 3781 terei
303 3698 461 3774 Videtur
476 3694 557 3769 sane
581 3698 641 3771 hic
652 3696 822 3790 justitiam
842 3718 910 3793 pro
928 3701 1096 3776 omnibus
1114 3702 1214 3779 srmul

145 3798 345 3880 virtutibus
359 3794 571 3890 nominasse,
579 3797 669 3871 srcut
683 3799 893 3871 econtrario
907 3799 1130 3892 iniquitatem
1148 3825 1216 3896 pro

148 3899 315 3978 omnibus
329 3898 429 3974 stmul
443 3897 541 3970 vitiis
559 3894 723 3990 posuisse.
776 3897 928 3973 Addidit
945 3897 1044 3975 sane:
1075 3905 1219 4000 Jullitiae

149 4008 187 4078 iu
201 3995 512 4098 [redibucionem
545 4015 619 4096 quo
643 3997 815 4078 videlicet
836 3997 1005 4076 castitatia
1023 4018 1171 4096 qrrtem
1188 4007 1232 4079 b.

632 4153 635 4158 -
1087 4117 1228 4201 qenes
