2825 4559
139 295 144 321 '
171 243 176 256 ⁰
234 313 300 395 ru
325 311 501 392 errsr.
528 311 610 389 no
635 308 867 402 nouum.
892 307 997 436 tin.
1024 309 1127 395 vnn
1177 337 1274 416 4191

177 478 277 576 'Alfio
327 477 381 552 lta
407 475 441 552 o
465 475 648 569 israelite,
676 475 839 567 quemvis
862 459 1130 572 redemptorem
1151 477 1250 559 suum

159 583 410 677 negaverint,
437 573 577 671 creos,
603 578 662 669 qui
679 578 723 649 ab
742 574 819 667 ipso
838 573 922 651 miffi
931 575 1038 670 sunt,
1066 579 1247 671 lapidave-

167 677 246 753 rint
264 679 297 751 dt
312 675 491 773 persecuti
507 675 592 751 sinte
614 687 742 750 'tamen¹
758 676 894 750 habent
910 678 1025 750 adhuc
1044 675 1176 770 aliquid
1191 699 1246 754 re·
1302 681 1305 688 '

175 777 274 855 fidoi.
326 775 388 850 Est
403 778 496 871 apud
512 777 596 850 illos
614 777 801 849 meditatio
820 775 932 871 legis,
958 754 1044 850 licet
1067 797 1144 852 non
1168 800 1246 855 cre-
1266 836 1269 846 .

173 878 286 968 dant,
313 896 383 951 nec
399 877 609 972 intelligant.
638 875 698 947 list
714 874 807 967 apud
821 876 904 948 illos
921 879 952 947 oz
968 880 1146 976 emulatio
1158 878 1243 973 Dei,

171 976 261 1050 licet
285 996 362 1049 non
388 974 580 1051 secondum
606 972 797 1049 scientiam.
847 971 896 1067 Et
929 990 1122 1070 propterea
1154 977 1243 1054 dicit

173 1075 395 1172 Apostolus,
422 1077 503 1165 quia
524 1095 601 1150 non
619 1076 665 1171 stc
681 1075 900 1168 offenderunt,
926 1079 1140 1147 accederem:
1167 1078 1242 1153 hoe

172 1175 244 1268 est,
273 1189 313 1248 ut
327 1178 370 1248 ab
388 1177 486 1247 omni
501 1174 589 1272 legio
604 1174 675 1248 Dei
691 1171 941 1266 observantia,
961 1177 1019 1249 vel
1037 1177 1243 1272 meditatio·

171 1295 218 1348 ne
233 1277 377 1367 penitus
391 1269 628 1349 declinarent.¹
653 1271 701 1346 Et
715 1272 921 1370 hujusmodi
940 1275 1055 1349 casum
1073 1265 1242 1355 delsdium

170 1378 387 1450 nominavit.
442 1374 571 1445 Illorum
593 1376 710 1465 enirn,
736 1374 870 1467 inquit,
897 1374 1007 1445 iddio
1016 1377 1106 1463 salus
1126 1380 1244 1448 Genti·
1312 1449 1324 1456 ,,

135 1480 137 1490 “
168 1476 235 1547 lus.
287 1474 485 1565 Propterea
499 1494 588 1572 ergo
604 1473 637 1546 ἃ
654 1473 795 1566 David,
821 1471 933 1547 sciens
950 1475 1153 1567 hujusmodi
1170 1474 1241 1552 esso

170 1569 317 1665 deliila,
345 1576 531 1666 inquibus
557 1573 616 1665 qui
645 1571 818 1645 ceciderit
838 1569 978 1670 surgat3
1011 1573 1240 1671 desierim,

170 1674 353 1764 inquibus
377 1675 434 1764 qui
455 1671 626 1747 ceciderit
649 1692 725 1747 non
743 1670 901 1769 resurgat
925 1693 992 1746 nec
1017 1675 1053 1746 in
1077 1673 1240 1750 consum·

170 1774 330 1847 motione
355 1768 493 1862 saecoli,
522 1771 688 1845 dicebat:
736 1770 880 1859 Deliiio,
908 1770 1138 1866 increpitis,
1163 1782 1239 1873 quis

169 1864 355 1966 intelligit?
399 1870 567 1963 Sequitur
585 1869 667 1964 post
682 1872 774 1945 haec:
801 1873 934 1969 Quodss
950 1873 1095 1960 desiliam
1112 1874 1240 1947 illorum

167 1974 293 2043 divitia
308 1971 480 2057 mundi&
494 1973 667 2042 diminutio
682 1996 787 2042 rorum
802 1975 1110 2057 dioiliaeGentium3
1137 1998 1239 2069 quan·
1285 2039 1298 2080 χ

169 2092 203 2145 to
219 2078 316 2167 magis
329 2073 491 2166 plenitudo
508 2075 634 2142 eorum?
685 2070 880 2146 Considera
895 2075 930 2145 in
950 2073 1004 2146 hie
1020 2071 1090 2145 Dei
1106 2070 1239 2166 sapien·
1282 2089 1285 2097 ‘

170 2177 277 2264 tiam,
305 2172 493 2263 quomodo
517 2170 609 2266 apud
632 2191 715 2245 eum
740 2191 786 2244 ne
803 2169 875 2265 ipsa
898 2172 1042 2265 quidem
1062 2166 1239 2249 deliiiadt

168 2268 282 2365 lapsus
316 2273 500 2345 inutilitati
528 2272 685 2344 cedunt:
727 2268 786 2343 sed
812 2291 893 2345 cum
921 2275 1166 2364 unusquisque
1193 2293 1240 2350 ex
1310 2348 1314 2358 ,

166 2368 343 2468 proposui
369 2371 417 2445 sui
445 2371 613 2444 libertate
638 2372 843 2459 delinquat,
871 2367 1083 2462 dispensatio
1108 2372 1240 2449 divinae

168 2468 349 2566 sapientiae
363 2470 437 2543 hoc
450 2468 548 2563 ipso,
565 2469 602 2543 in
621 2487 693 2559 quo
711 2470 760 2574 illi
780 2465 910 2544 damno
929 2461 996 2544 suae
1013 2473 1239 2569 negligentia

166 2589 344 2666 pauperes
368 2567 479 2658 liunt,
506 2570 596 2642 alios
613 2570 746 2642 divites
761 2565 859 2644 facit.
910 2567 1054 2643 Etenim
1068 2598 1135 2640 cum
1152 2575 1240 2645 divi·

167 2675 253 2743 derel
278 2676 363 2742 Deus
387 2673 525 2756 Gentes,
552 2668 591 2745 (5
604 2670 797 2763 ,dispergeret
811 2669 902 2762 filios
929 2669 1050 2751 Adam,
1075 2674 1244 2769 constituit-
1311 2682 1333 2716 ¹·

168 2776 320 2843 terminos
339 2769 493 2841 Gentium
503 2774 608 2865 juxte
624 2788 792 2839 munierum
808 2770 998 2862 Angelorum
1017 2771 1090 2845 Dei.
1135 2772 1238 2847 Faria

166 2869 300 2970 efllm
318 2888 394 2963 pars
414 2873 549 2941 Domini
569 2863 687 2966 Jacob,
714 2865 938 2964 &funiculus
954 2868 1240 2973 hereditarieque

168 2971 277 3061 lsrael.
305 2968 375 3041 lllis
393 2984 511 3045 autem
529 2966 699 3065 Angelis,
728 2970 855 3059 quibus
874 2988 954 3061 pars
973 2967 1145 3046 Gentium
1162 2975 1241 3049 sue·

167 3086 221 3143 rat
248 3066 460 3162 distributa,
504 3062 756 3143 seducentibus
784 3069 1054 3158 quodamnodo
1081 3071 1239 3167 singulos

169 3187 333 3259 quosque
354 3170 397 3241 de
414 3185 515 3260 parte
535 3168 683 3244 Domini
700 3188 743 3239 ac
759 3168 1051 3259 depravantibus,
1070 3167 1239 3248 fecerunt

166 3289 232 3343 eos
251 3264 463 3360 offendere,
488 3272 539 3342 ita
562 3281 603 3341 ut
626 3268 765 3340 diceret
791 3267 971 3343 Dominus
996 3287 1059 3360 per
1080 3268 1241 3366 Prophe·

166 3382 260 3446 tan:
290 3365 388 3439 Fadio
404 3367 443 3461 eil
459 3370 543 3438 midi
554 3372 656 3460 portio
674 3392 740 3437 meo
763 3367 969 3463 defiderobilis
994 3375 1032 3437 io
1054 3370 1239 3453 exsecratio·

165 3491 228 3540 ne:
254 3462 483 3541 necessarium
510 3464 608 3556 fuit,r
628 3479 669 3538 ut
696 3468 754 3539 illa
780 3464 937 3549 refutata
964 3486 1004 3539 ac
1030 3470 1239 3561 repudiata,

166 3563 255 3642 esset
271 3566 336 3641 alia
351 3585 431 3660 pars
448 3569 597 3641 Domini
616 3563 885 3659 superterram,
911 3586 988 3658 quae
1006 3569 1175 3663 gloriam,
1202 3571 1239 3645 dt

165 3667 397 3759 testamenta,
422 3664 455 3740 dt
474 3662 760 3763 legislationem,
787 3661 1006 3757 &obsequia
1028 3666 1145 3742 cultus
1164 3668 1238 3744 Dei

167 3763 267 3862 (quae
287 3765 409 3841 omnia
430 3764 565 3839 divitie
585 3778 688 3838 erant
706 3769 817 3857 pertis
833 3763 1003 3860 Domini)
1031 3761 1251 3864 susciperem„

170 3865 203 3939 dr
223 3856 304 3960 pa'rs
320 3865 468 3941 Domini
484 3886 552 3960 pro
571 3864 630 3938 illa
649 3879 767 3957 parte,
787 3884 864 3958 quae
883 3860 1107 3957 offenderat,
1126 3885 1241 3942 voca·

165 3978 280 4046 retur.
304 3967 449 4046 idcirco
466 3964 614 4043 deletion
632 3966 760 4140 illogtg
777 3961 819 4039 fit
834 3968 960 4041 divitia
974 3969 1096 4060 mundi.
1128 3891 1283 4154 Nune<

303 4098 305 4107 ·
529 4133 533 4142 ,
602 4101 609 4112 ·
780 4087 803 4143 a
1100 4065 1210 4142 etium
