2825 4559
770 182 822 242 r.
1045 217 1051 226 ‚

175 343 247 439 ,σι
315 331 624 424 nrtrernrs
654 298 1074 452 conuenere.

172 496 393 602 potestates,
418 484 606 594 dequibus
624 499 729 572 dicit:
759 502 836 571 cum
853 520 956 573 aurem
971 505 1161 603 destruxeris
1180 526 1246 575 errr-

172 629 244 678 nem
259 605 494 697 prrncr'pnrrrnr,
520 605 558 674 U
576 601 769 696 potestatem,
794 606 834 678 U
847 610 1016 679 virtutem.
1042 604 1246 696 exquibus

172 708 208 780 nr
224 704 391 798 princeps
411 697 517 796 hujrn
534 699 656 774 rnundi
677 697 889 793 appellatus.
936 704 1025 786 Post
1041 705 1143 796 bec,
1172 709 1245 778 Ne-

172 831 232 907 que
242 802 430 900 presentis,
453 800 590 892 inquit,
610 799 684 873 srve
700 801 866 898 inflanria.
896 804 1019 880 Potest
1033 805 1106 879 hoc
1121 807 1170 877 de
1189 805 1252 879 his·

172 906 303 983 dissum
324 902 459 993 videri,
487 919 579 992 quos
606 901 643 974 in
667 902 743 973 aliis
764 903 863 977 idem
887 904 1085 1001 Apostolus
1110 902 1247 976 reliam

170 1008 282 1081 mundi
299 1004 399 1098 hujus
414 1002 452 1077 (5
467 1001 667 1070 tenebrarum
682 1004 905 1077 nominavit:
933 1008 994 1080 vel
1012 1006 1119 1080 etiarn
1141 1005 1246 1096 quod

169 1104 398 1205 presentium
414 1119 533 1174 rerum
549 1102 722 1194 voluptas
739 1103 771 1177 u
789 1102 1000 1199 deledetio,
1020 1103 1054 1178 dr
1071 1109 1168 1177 vane
1181 1105 1247 1179 hu·

166 1211 226 1306 jus
244 1204 366 1283 mundi
381 1202 495 1298 gloria
509 1198 647 1273 studeat
660 1222 728 1275 nos
745 1230 766 1275 a
784 1202 852 1278 Dei
864 1206 1025 1276 clarium
1043 1204 1241 1299 deducere,

169 1333 239 1406 qna
256 1305 297 1404 ιβ
314 1310 351 1372 in
369 1301 492 1398 chrisio
512 1300 594 1397 Jesrr
613 1306 753 1375 Domum
770 1304 883 1400 noflro.
926 1303 1010 1376 Post
1027 1304 1103 1377 haec
1121 1305 1246 1379 videa·

168 1411 270 1493 mus,
299 1423 376 1496 que
393 1402 458 1475 srnt
470 1399 611 1492 futura,
637 1418 717 1491 quee
736 1405 870 1478 uolunt
889 1403 1049 1495 quidem,
1075 1401 1135 1477 sed
1163 1425 1243 1480 non

168 1505 317 1604 possunt
339 1502 485 1574 Prulurn
513 1501 548 1571 dr
571 1499 696 1573 similes
725 1505 802 1597 ejus
830 1501 990 1597 separare
1018 1524 1036 1574 a
1062 1503 1243 1577 charitate

166 1606 254 1683 Dei.
307 1602 511 1696 Dupliciter
524 1599 611 1674 mihi
626 1603 735 1676 etiarn
754 1603 828 1676 hoc
849 1601 1121 1700 intelligendum
1143 1604 1245 1676 vide·

167 1723 241 1781 tun
269 1701 418 1775 Possunt
432 1703 526 1774 enirn
536 1700 657 1792 futura
674 1703 823 1798 intelligi
842 1705 885 1776 ab
904 1725 949 1775 eo
965 1719 1145 1800 ternpore,
1168 1723 1243 1794 quo

167 1809 245 1882 hec
262 1803 461 1886 scribebat,
487 1813 528 1871 ut
544 1800 616 1871 hnc
632 1799 753 1875 dicere
771 1802 959 1876 videatur:
986 1801 1021 1873 Si
1039 1820 1108 1893 qua
1122 1814 1243 1876 tente-

166 1922 313 1993 rnente,
339 1901 364 1975 s1
391 1901 468 1993 quae
490 1899 741 1974 tribulationes
764 1901 1057 1995 supervenerint,
1085 1902 1243 1998 echari-

166 2020 243 2080 tate
258 2003 329 2076 Dei
344 2021 402 2075 rne
415 1998 578 2092 separare
595 2018 670 2072 non
687 2013 873 2094 poterunt.
914 2002 985 2074 Vel
1000 2002 1107 2075 etiarn
1118 1999 1242 2095 furunt

166 2103 330 2198 intellige
354 2121 416 2182 ea,
441 2119 519 2190 quae
536 2096 581 2169 de
597 2102 735 2173 mundo
752 2100 825 2174 hoc
839 2100 1094 2176 recedentibus
1112 2122 1242 2175 occur·

87 2277 89 2286 ,
149 2203 246 2280 ‘sura
263 2202 363 2289 sunt,
389 2219 470 2272 cunr
487 2198 655 2292 princeps
670 2199 774 2291 hujus
789 2201 931 2287 mundi,
958 2203 1106 2292 aliaeque
1126 2204 1241 2275 virtu·

82 2333 87 2352 ··
166 2319 247 2398 tes,
274 2321 351 2395 quse
372 2296 434 2372 sub
452 2295 530 2391 ipso
548 2295 652 2390 sunt,
678 2301 838 2374 retinere
865 2304 1058 2374 certabunt
1085 2303 1240 2375 enimam

103 2394 111 2425 ⁴
166 2405 214 2478 de
231 2421 389 2497 corpore
405 2394 717 2494 proficiscentem,
744 2397 893 2476 sednon
911 2413 1089 2494 poterunt
1104 2402 1241 2474 retine·

163 2511 207 2579 're
225 2524 305 2597 ees,
332 2503 459 2593 quibus
483 2499 624 2594 perfossa
650 2502 812 2585 charitas,
840 2521 918 2591 quae
945 2499 1058 2573 estin
1086 2496 1234 2574 Christo

163 2602 269 2700 ΜΠ,
290 2602 384 2695 foras
400 2606 507 2670 mitrii
524 2604 680 2682 timerem,
705 2600 901 2673 Videbitur
918 2616 1035 2674 autem
1051 2599 1148 2672 hunc
1164 2598 1239 2674 sen·

150 2704 242 2781 sum
261 2698 477 2778 confirmare
492 2699 525 2772 dr
543 2701 603 2771 ille
618 2699 811 2793 Scriptura,
823 2721 899 2791 quae
916 2700 1021 2772 dicit:
1049 2704 1137 2771 Dum
1152 2712 1240 2771 eninr

161 2811 275 2901 sumus
295 2809 486 2895 incorpore,
511 2799 782 2896 peregrinamur'n
801 2803 961 2871 Domino:
987 2805 1124 2895 cupimus
1139 2801 1238 2873 enim

165 2908 264 2999 magis
287 2906 486 2998 peregrinari
510 2921 694 2995 reserpere,
721 2897 761 2975 ὅ
786 2898 881 2994 adeffe
902 2901 943 2970 ad
964 2904 1156 2971 Dominum:
1186 2900 1241 2975 &t

169 3007 384 3079 connitimur
406 3013 512 3070 aurem
526 2996 596 3090 five
614 3000 755 3080 absentes
773 3000 842 3095 five
861 3001 1027 3095 presentes
1046 3001 1166 3096 placere
1185 3006 1237 3071 er':

97 3195 106 3202 ν
165 3104 330 3182 absentes
345 3119 414 3173 nos
433 3099 556 3171 dicens
573 3099 611 3170 in
631 3118 790 3190 corpore
805 3099 958 3193 ροΐιῑοε,Ι
975 3102 1164 3194 presentes
1181 3120 1242 3172 au·

164 3221 241 3283 tem
267 3203 312 3278 de
338 3219 497 3296 corpore
523 3190 753 3272 recedentes:
781 3197 813 3270 dc
836 3197 1016 3293 ostendit,
1044 3199 1142 3293 quod
1168 3198 1241 3272 stu·

164 3309 274 3384 deant
286 3299 392 3380 sanni
403 3300 509 3373 etiam
522 3296 566 3370 de
581 3317 739 3391 corpore
755 3297 967 3371 recedentes
984 3302 1128 3394 placere
1139 3298 1238 3381 Deo,

139 3408 201 3483 ·8i
221 3424 308 3502 ergo
324 3405 362 3474 in
378 3403 429 3473 eis
445 3395 604 3491 persedle
620 3397 663 3472 stt
678 3398 853 3490 charitas,
879 3418 948 3471 nec
961 3401 1033 3472 ulla
1048 3421 1125 3491 quae
1142 3398 1241 3472 futu·

94 3593 97 3598 ¹
163 3529 205 3587 ra
219 3505 320 3595 sunt,
346 3502 383 3573 in
404 3500 532 3591 quibus
549 3497 764 3591 placendum
783 3496 834 3570 est
848 3497 956 3589 Deo,
984 3512 1157 3591 poterunt
1173 3519 1238 3572 eos

164 3611 211 3683 eb
236 3602 308 3697 ipsa
328 3598 509 3694 separare,
536 3618 617 3671 cunr
633 3598 759 3690 utique
775 3617 852 3671 non
868 3599 1063 3691 placebunt
1081 3597 1166 3671 Deo
1184 3598 1236 3689 hi,

165 3707 228 3799 qui
244 3699 484 3779 tarn-mobiles
499 3710 606 3770 erunt
628 3700 665 3769 in
686 3697 859 3770 charitate
875 3698 963 3783 Dei,
990 3713 1031 3771 ut
1046 3695 1175 3790 possint
1191 3699 1235 3770 ab

165 3825 209 3880 ee
227 3801 388 3895 seperari.
421 3796 510 3871 Haec
529 3796 638 3869 nobis
653 3796 786 3890 duplici
801 3797 914 3870 modo
931 3794 1022 3870 dicia
1040 3799 1106 3871 srnt
1121 3798 1166 3870 de
1181 3796 1238 3870 su·

164 3904 268 3982 turis,
305 3896 427 3974 Potest
444 3909 562 3969 autern
578 3893 677 3989 fieri,
705 3910 745 3969 ut
761 3896 803 3969 srt
820 3895 853 3968 dr
871 3898 996 3990 uliquis
1015 3899 1142 3970 tertius
1158 3916 1238 3971 mo·

161 4002 302 4094 dusbis
318 3999 502 4101 superior,
530 4001 637 4092 quem
652 3998 713 4093 qui
726 3993 1133 4096 investigerepotuerit,
1162 3998 1236 4097 dig·

1099 4116 1216 4170 nutu
