2825 4559
288 235 656 378 tune-rsu'an
679 261 906 376 nouum.
945 277 1045 392 tm..
1067 277 1112 356 x,
1164 223 1237 372 309

204 485 212 494 ¹
245 476 281 542 9.
309 455 398 524 Deus
416 465 518 522 autem
528 448 594 544 spei
617 443 731 544 repient
751 470 807 515 vas
825 448 911 515 amni
925 445 1038 537 gaudia
1054 440 1093 520 di
1105 459 1179 536 pact
1196 448 1234 513 in

168 554 334 640 tredendo,
359 567 396 621 ui
421 550 586 620 abundetis
613 553 651 616 iu
669 549 722 643 spe
745 543 785 621 U
807 553 935 615 uirtute
956 546 1099 638 Spiritus
1116 536 1232 634 fisniii.

169 656 244 750 Qui
262 650 419 744 superius
436 650 593 740 dixerat,
621 645 721 738 quod
737 646 773 717 in
790 639 887 716 Esaia
904 642 1073 736 scriptum
1089 641 1157 716 eil:
1187 641 1235 714 Et

169 760 210 836 iu
228 778 259 824 aa
278 755 393 824 Gentes
407 749 597 843 sperabunt,
623 757 803 844 gratanter
830 743 977 844 adjecit:
1014 748 1102 814 Deus
1126 760 1233 812 autam

161 855 251 949 spei:
278 864 341 942 nt,
367 849 391 922 fi
417 845 584 938 scriptum
607 843 741 922 fuiffet:
770 845 810 915 lu
836 843 896 938 ipsa
913 845 1041 916 'Genus
1059 841 1232 934 credent,

159 948 350 1042 ¹adjeciil‘et
376 946 448 1020 fine
473 948 603 1020 dubio:
639 949 727 1016 Deus
751 960 857 1014 aarum
878 935 986 1033 fidel,
1009 955 1060 1015 ‘ut
1084 961 1182 1014 nunc
1212 963 1233 1015 a

168 1050 344 1142 sperando
364 1045 502 1120 Gentes
523 1045 643 1118 Deum
664 1044 738 1138 spei
762 1043 915 1115 invocat
935 1041 1036 1134 super
1056 1062 1144 1134 eos,
1171 1044 1232 1135 qui

168 1149 311 1243 sperant
328 1151 363 1220 in
380 1167 482 1233 eum,
500 1143 529 1217 'a
553 1163 627 1238 quo
651 1143 702 1217 eis
726 1139 987 1216 benedictionis
1005 1161 1132 1216 munus
1152 1162 1232 1237 pre-

169 1263 272 1320 catur
290 1250 423 1342 augeri.
476 1241 536 1318 tst
561 1259 680 1318 autem
705 1237 908 1316 benedidio
928 1241 1151 1342 hujusmodi3
1177 1235 1233 1317 Ut

165 1350 374 1441 repleantur
392 1344 489 1418 omni
503 1344 634 1440 gaudio
654 1343 688 1416 dt
706 1343 805 1414 omni
824 1359 924 1446 pace.
977 1339 1145 1416 Similiter
1171 1364 1231 1416 au·

168 1462 243 1519 tem
271 1449 304 1518 n
330 1445 520 1539 Propheta>
537 1442 574 1514 in
603 1441 759 1534 quodam
786 1443 874 1512 loco
896 1440 1003 1513 dicite
1031 1443 1080 1514 Et
1105 1447 1168 1513 erit
1194 1453 1231 1514 tn

167 1547 270 1618 diebus
291 1549 358 1642 ejus
373 1545 502 1642 justitia
518 1543 557 1618 U
573 1543 741 1612 multituda
754 1545 862 1635 pacis,
888 1539 1040 1639 usquequa
1056 1542 1230 1634 auferatur

168 1649 258 1720 lana.
287 1645 357 1718 Sed
377 1645 457 1736 quia
473 1643 549 1716 haec
564 1640 609 1715 de
625 1639 767 1714 Christo
788 1640 977 1733 dicuntur,
1001 1643 1038 1716 in
1054 1646 1117 1717 illo
1134 1643 1232 1718 reite

166 1742 348 1840 possumus
366 1743 631 1816 multitudinem
648 1743 746 1833 pacis
761 1743 966 1836 advertere,
977 1761 1045 1835 pro
1063 1764 1123 1835 eo,
1136 1745 1235 1837 quod

168 1842 376 1939 pacificavit
394 1863 457 1936 per
471 1839 673 1936 sanguinem
697 1840 813 1912 crucia
830 1837 897 1910 suae
921 1859 997 1914 non
1018 1842 1132 1918 solum
1154 1865 1232 1934 quae
1253 1841 1255 1845 ’

168 1945 319 2016 interra
337 1942 438 2034 sunt,
465 1938 523 2012 sed
541 1940 647 2014 etiam
666 1961 743 2031 quae
760 1942 797 2022 in
811 1938 1014 2015 coelissunt.
1059 1944 1101 2017 ln
1117 1948 1232 2018 omni-

168 2044 236 2116 bus
252 2052 369 2117 autem
387 2043 573 2132 quomodo
592 2038 696 2132 poffit
713 2040 852 2131 impleri
868 2037 960 2132 hot,
987 2043 1086 2130 quod
1111 2065 1233 2138 preca·

169 2156 228 2215 tur
249 2140 470 2234 Apostolus,
503 2155 543 2213 ut
566 2143 774 2233 repleantur
795 2141 893 2236 omni
919 2142 1050 2236 gaudio
1074 2145 1108 2216 ts
1133 2150 1234 2220 omni

165 2262 278 2334 pace,
315 2240 456 2313 difficile
488 2241 573 2320 milti
606 2240 753 2314 videtur
782 2241 937 2329 exponi:
972 2243 1126 2317 maxime
1151 2268 1233 2321 cum

121 2323 126 2354 '
167 2342 275 2410 etiam
295 2338 544 2438 Apostolusjn
562 2340 630 2430 his,
642 2360 720 2430 quae
738 2338 962 2434 pergratiam
977 2339 1128 2435 Spiritus
1145 2365 1234 2419 cun·

166 2437 310 2510 secutus
330 2436 400 2523 est,
426 2459 471 2510 ex
492 2451 594 2529 parte
617 2434 889 2527 leucatium,
916 2438 951 2510 dt
968 2461 1014 2514 ert
1030 2459 1132 2536 parte
1148 2467 1233 2539 pro·

166 2537 328 2632 phetare.
356 2534 426 2608 Sed
440 2555 509 2630 ego
525 2537 638 2629 pitto,
663 2538 700 2610 in
719 2537 765 2609 'eo
781 2534 881 2630 polle
895 2536 1028 2612 habere
1045 2546 1233 2622 credentes

169 2634 429 2729 plenitudinem
458 2639 579 2727 pacis,
615 2655 695 2710 cum
717 2635 1001 2711 reconciliantur
1025 2631 1234 2724 Deo'Patri

167 2755 233 2829 per
252 2732 373 2826 fidem,
390 2729 580 2808 secundum
600 2737 751 2816 verbum
768 2733 865 2807 Pauli
879 2727 1052 2814 dicentia:
1081 2749 1234 2839 Rogamus

163 2856 224 2932 pra
242 2834 384 2930 Christo,
411 2835 660 2904 reconciliamini
680 2837 769 2906 Deo:
794 2832 827 2906 &
851 2853 931 2910 cum
953 2829 990 2912 ih
1009 2863 1134 2934 pacem
1154 2849 1234 2922 red.
1278 2887 1281 2894 -

169 2948 258 3007 eunt
276 2945 363 3006 cum'
373 2931 464 3005 Filio
480 2932 549 3006 Dei
565 2955 629 3028 per
643 2932 847 3031 sanguinem
863 2940 979 3011 crucis
997 2939 1089 3036 ejus,
1102 2943 1136 3016 u
1150 2967 1232 3034 cum

168 3031 289 3110 sentio
316 3031 460 3126 Spiritui
478 3030 689 3122 ,socianturf
720 3055 802 3109 cum
828 3031 1165 3119 se'emendaverint
1189 3049 1233 3123 ab

168 3136 267 3208 omni
282 3129 591 3226 inquinamento,'
604 3133 639 3205 dt
655 3131 773 3207 effeili
790 3133 925 3210 fuerint
940 3137 1021 3214 vasa
1035 3139 1169 3220 sanita:
1196 3160 1239 3219 ut
1297 3195 1300 3200 -

167 3232 219 3305 ita
244 3234 385 3306 demum
412 3233 489 3322 quis
515 3236 674 3325 repletus
698 3237 865 3308 videatur
891 3241 990 3314 omni
1013 3262 1123 3337 pace,
1150 3244 1173 3320 st
1196 3251 1235 3321 in

165 3330 392 3426 plenitudine
410 3331 599 3406 crediderit
613 3331 814 3407 Trinitatis.
858 3334 1020 3432 -Pr'opter
1043 3343 1117 3417 hoc
1139 3344 1260 3419 deni-¹

168 3451 238 3522 que
265 3429 443 3524 subjungit
469 3427 687 3534 Apostolus,
715 3433 748 3505 a
775 3432 1039 3536 dicitu-Rapiat
1063 3466 1120 3514 vas
1145 3455 1238 3518 amni·

167 3533 277 3626 gaudia
294 3529 335 3614 (Ἰ
343 3550 416 3624 pact
431 3535 467 3600 in
481 3532 648 3620 cretata
674 3547 713 3603 ut
728 3534 899 3606 abundetis
923 3543 960 3608 iu
979 3539 1031 3636 spe
1052 3541 1091 3618 ὅ
1106 3529 1234 3619 vitiata

168 3635 314 3724 Spiritus
332 3628 444 3716 imffl·
485 3629 520 3702 Si
539 3631 630 3704 enim
647 3633 706 3723 qui
724 3634 857 3727 credit,
884 3639 1021 3713 virtute
1036 3639 1140 3716 sanni
1156 3645 1233 3742 Spi-

166 3733 255 3802 ritus
275 3731 454 3821 muuitur,
481 3745 618 3804 certum
634 3729 707 3824 est,
725 3734 823 3822 quod
840 3729 1099 3829 plenitudinem
1113 3749 1232 3844 gaudit

167 3825 305 3926 semper
320 3830 472 3926 habeat,
498 3829 806 3926 &plenitudinem
821 3837 934 3930 pacis.

1041 4045 1184 4124 Μετ-
1316 4099 1319 4104 -
