2825 4559
210 269 281 410 ,se
364 291 1108 416 'onrosnrscouusu‘rnn
1228 263 1232 270 ’

212 494 260 547 ex
277 465 352 562 ipso
369 486 522 564 genere,
548 465 621 538 hoc
639 461 712 554 est,
738 485 785 554 ert
803 462 1017 552 Israelitico,
1036 463 1179 538 ¹fuerint
1202 482 1302 542 non·

212 572 329 648 solum
348 580 488 662 patres,
502 562 562 637 sed
579 566 612 636 dr
628 561 809 653 Christos,
828 563 918 636 ficut
932 566 964 636 dr
980 585 1044 655 per
1060 563 1283 656 Prophetsrn

213 671 322 746 dicit:
362 671 418 750 Vc
442 667 528 751 uus,
552 670 627 759 quio
644 689 716 735 coto
731 688 797 733 meo
813 688 850 733 ex
864 663 935 759 ipfis
953 663 1003 756 eii.
1053 661 1135 754 Cur
1158 678 1284 741 autem

213 796 264 841 vs
278 762 371 840 utu?
397 765 493 864 Quia
506 779 612 836 natus
632 761 683 836 est
698 764 796 857 Jesus
817 767 854 832 in
879 771 1007 832 ruinam
1026 763 1063 839 (5
1085 769 1122 831 r'n
1145 765 1286 851 resurre-

214 872 351 946 ctionem
370 867 562 947 multorum,
586 861 716 953 &quia
736 863 886 954 abillis,
914 882 1066 950 quorum
1084 883 1169 934 caro
1190 881 1285 955 erat,

212 968 419 1061 repudiatus
439 962 516 1056 est,¹
535 963 569 1034 o
586 983 606 1034 a
625 960 827 1050 Gentibus,
845 984 864 1034 a
884 964 1012 1054 quibus
1030 963 1284 1057 ignorabatur,

213 1062 479 1160 susceptusest,
503 1062 591 1136 sreut
608 1061 642 1134 dt
657 1080 722 1152 per
735 1061 860 1135 David
873 1061 977 1135 dicit:
1008 1063 1160 1158 Populus,
1189 1086 1284 1156 quem

213 1194 281 1240 non
303 1171 451 1260 cognovi,
475 1163 616 1249 [eruduit
632 1163 726 1236 midi.
774 1158 830 1232 Ex
850 1161 930 1252 ipsis
949 1181 1037 1256 ergo
1059 1159 1109 1234 est
1126 1160 1160 1230 δι
1180 1157 1285 1234 Chri·

214 1268 287 1344 stus
304 1264 495 1340 secundum
512 1281 668 1334 carnem.
718 1261 790 1352 Qui
803 1260 842 1355 ιβ
854 1260 947 1356 super
961 1267 1068 1331 omnia
1088 1267 1176 1332 Deus
1195 1262 1286 1332 bene·

214 1368 319 1442 riuus
335 1373 372 1435 in
389 1365 505 1446 [acula.
533 1357 709 1432 Christum
727 1360 820 1432 aliud
837 1358 1027 1433 secundum
1044 1381 1189 1434 carnem
1205 1359 1287 1450 eus,

216 1469 251 1542 u
277 1463 370 1539 aliud
396 1461 588 1536 seeundum
612 1457 793 1554 spiritum,
821 1455 887 1550 ianr
908 1460 941 1532 u
963 1462 999 1532 in
1022 1461 1205 1553 prioribus
1222 1461 1286 1533 hu·

211 1573 270 1661 jus
293 1562 459 1658 Epistolae
482 1564 643 1655 pertibus
670 1558 889 1654 designavit,
916 1561 977 1632 ubi
1003 1559 1108 1631 dicit:
1135 1562 1209 1650 Qui
1228 1560 1286 1652 fa·

123 1725 127 1734 .
215 1666 284 1742 fdus
303 1666 342 1762 ιβ
361 1663 531 1749 exsemine
552 1660 665 1730 David
681 1657 848 1744 secundum
865 1682 1010 1746 carnem,
1036 1665 1092 1755 qui
1110 1661 1286 1751 refrenatus

218 1770 257 1858 ιβ
277 1769 383 1837 Frlr'm
406 1765 686 1860 transvorare,
710 1761 873 1844 secundum
889 1761 1041 1851 spiritum
1058 1758 1288 1848 fonfiisrcotit·

158 1907 187 1935 ,-
217 1871 282 1939 nis.
334 1862 383 1936 Et
409 1858 595 1953 quomodo
618 1856 811 1931 secundum
836 1855 994 1949 spiritum
1013 1856 1123 1930 Filius
1139 1857 1213 1930 Dei
1228 1859 1288 1950 fit,

131 2023 134 2036 .
218 1969 253 2040 dr
270 1961 461 2036 secundum
478 1978 620 2052 carpem
636 1943 746 2029 Filius
757 1955 897 2046 David,
924 1959 972 2028 ibi
992 1958 1133 2053 plenius
1150 1977 1223 2049 pro
1238 1958 1290 2030 vi·

123 2061 128 2073 “
216 2067 315 2138 ribus
332 2057 571 2152 exposuimus.
609 2056 731 2148 Quem
748 2076 835 2151 ergo
851 2059 900 2128 ibi
915 2054 1105 2130 secundum
1126 2056 1286 2147 spiritum

217 2159 346 2238 Filium
372 2159 442 2232 Dei
469 2157 582 2247 dixit,
609 2156 668 2228 hie
694 2156 919 2246 procedente
944 2155 1113 2230 doetrinae
1138 2159 1289 2249 ordine,

218 2257 495 2358 proficientibus
514 2268 644 2348 utpote
663 2255 908 2346 auditoribus,
936 2257 1134 2349 Deurn,qui
1148 2257 1186 2350 eft
1196 2259 1289 2351 super

219 2367 327 2444 omnia
343 2351 677 2447 beneditdus,'ipsum
705 2349 776 2428 esse
801 2357 1029 2448 pronunciat.
1084 2351 1130 2426 Et
1155 2357 1289 2448 miror,
1333 2349 1334 2356 '

220 2460 409 2556 quomodo
433 2455 574 2548 quidam
596 2455 781 2549 legentes,
807 2455 906 2546 quod
923 2455 1015 2528 idem
1031 2453 1233 2546 Apostolus
1250 2458 1288 2529 in

220 2565 296 2638 iliis
320 2559 426 2634 dicit:
460 2559 553 2626 Unus
581 2556 670 2648 Deus
700 2556 814 2637 Pater,
838 2580 878 2623 ex
902 2581 960 2650 quo
986 2559 1111 2624 omnia:
1137 2554 1176 2629 (5
1204 2579 1288 2624 unus

222 2668 385 2735 Dominus
413 2695 415 2700 ·
445 2659 513 2747 esur
541 2651 708 2750 Christus,
732 2674 788 2749 per
813 2678 903 2749 quem
928 2660 1052 2741 omnia,
1077 2670 1213 2748 negent
1235 2653 1291 2727 Fi·

218 2760 307 2836 lium
325 2759 396 2831 Dei
414 2660 533 2830 geum
551 2753 685 2826 debere
700 2749 884 2846 profiteri,
912 2774 959 2826 ne
977 2755 1069 2828 duos
1087 2756 1176 2825 deos
1197 2754 1291 2828 dice·

221 2880 263 2935 re
279 2857 482 2931 videantur.
531 2850 582 2925 Et
598 2852 681 2940 quid
701 2851 834 2925 dehoc
849 2855 937 2926 loco
957 2851 1124 2945 Apostoli
1140 2854 1291 2946 facient,

219 2960 259 3033 in
283 2978 356 3052 quo
379 2967 504 3048 aperte
529 2947 686 3024 Christus
699 2956 794 3047 seper
808 2959 913 3022 omnia
934 2958 1019 3022 Deus
1036 2951 1106 3025 effe
1124 2955 1292 3046 perhibe·

221 3071 293 3136 tur.
320 3054 390 3130 Sed
407 3072 484 3127 non
505 3049 719 3139 advertunt,
747 3053 806 3141 qui
824 3052 901 3124 haee
918 3053 968 3124 ita
984 3049 1162 3143 sentiunt,
1189 3052 1291 3143 quod

145 3153 154 3172 “
219 3158 311 3236 ficut
336 3148 534 3228 Dominum
559 3147 675 3246 Jesurn
703 3145 879 3226 christum
906 3171 981 3224 non
1008 3153 1057 3222 its
1083 3173 1192 3226 unum
1220 3150 1291 3226 effe

121 3348 125 3356 Ι
219 3255 420 3334 Dominum
437 3249 547 3341 dixit,
572 3263 614 3322 ut
631 3269 676 3322 ex
692 3249 767 3322 hoe
783 3248 881 3323 Deus
895 3250 997 3323 Peter
1014 3251 1193 3325 Dominus
1213 3272 1292 3325 non

222 3358 383 3434 diceturr
409 3354 459 3425 its
474 3350 508 3423 u
525 3345 642 3422 Deum
657 3339 798 3422 Patrem
819 3371 894 3423 non
910 3350 959 3421 its
975 3351 1066 3423 dixit
1088 3349 1158 3423 effe
1178 3372 1293 3426 unum

221 3457 365 3547 Deum,
391 3467 432 3524 ut
447 3445 547 3523 Deus
562 3440 591 3520 F
592 3449 671 3520 ilius
687 3470 763 3521 non
783 3452 960 3522 credatur.
1013 3450 1112 3523 Vera
1128 3450 1179 3524 est
1194 3452 1292 3525 enim

222 3555 429 3651 Scriptura,
455 3571 532 3642 quae
549 3547 656 3620 dicit:
685 3547 813 3633 Scitote,
828 3555 976 3645 qusniam
997 3553 1155 3621 Dominus
1171 3553 1233 3641 ipse
1249 3552 1291 3646 ιβ

223 3660 325 3731 Deus.
375 3647 481 3725 Unus
506 3662 624 3722 autern
646 3663 799 3739 uterque
822 3645 874 3720 est
895 3647 1014 3741 Deus,
1041 3653 1216 3742 quianon
1238 3649 1291 3722 est

223 3757 317 3830 eliud
340 3749 433 3826 Filio
455 3746 652 3823 divinitatis
674 3748 814 3820 initium
834 3768 937 3838 quam
956 3748 1080 3837 Peter3
1108 3749 1166 3823 sed
1184 3750 1290 3843 ipsius

221 3854 326 3928 unius
349 3848 488 3946 paterni
507 3847 629 3929 tfontis
653 3845 765 3943 (ficut
789 3845 968 3939 Sapientia
991 3849 1099 3943 dicit)
1123 3848 1291 3945 puriffims

164 3952 275 4139 vd
289 3956 432 4028 manatio
452 3945 573 4024 uiuus.
599 3943 662 4024 Est
677 3966 764 4046 ergo
780 3942 938 4024 Christus
959 3953 1048 4025 Deus
1060 3950 1155 4049 [uper
1172 3957 1289 4026 omnis.

1142 4051 1238 4147 Que
