2825 4559
259 284 318 364 ru
342 279 519 360 urrsr.
543 239 876 413 annotante.
903 280 1005 361 utu.
1033 280 1106 359 vr.
1159 302 1229 400 ³23
1288 255 1298 280 '

163 449 214 526 tia
228 468 334 542 pura,
360 466 427 518 nec
441 442 514 538 ipse
528 443 748 539 redarguaris
763 465 808 517 err
826 445 945 518 verbio
961 447 1045 528 tuin,
1056 441 1151 536 quasa
1166 444 1228 538 qui
1308 455 1314 470 “

163 553 266 626 aliter
282 549 434 639 doceas,
457 544 605 616 &aliter
622 563 724 638 agas,
750 543 869 635 potest
886 537 981 635 fieri,
997 559 1038 617 nt
1050 548 1228 636 loquente¹
1274 573 1277 579 ¹

162 665 201 725 te
221 648 423 721 auditorum
442 645 552 715 corda
569 640 675 716 senili
692 642 843 736 Spiritus
860 647 950 741 ignis
966 644 1174 736 inflammet,
1193 642 1229 717 dt

163 747 344 823 continuo
366 723 667 817 concalescaniu
690 743 838 815 ardeant
861 746 905 818 ad
919 745 1133 843 complenda
1150 744 1228 820 uni-1

161 845 264 922 versa
283 865 359 937 quae
374 844 508 935 doceo,
536 856 576 915 ut
590 845 695 915 rebus
712 840 898 937 impleant,
911 844 1228 938 quase-rmonibua
1318 864 1324 875 ·

164 948 379 1037 didicerint,
407 943 522 1039 &qua
535 942 749 1033 sursumsunt
767 957 938 1035 quaerant,
953 939 1009 1015 ali
1027 944 1169 1041 Chrriius
1187 943 1228 1039 tJi

162 1056 200 1120 in
214 1050 343 1118 dextera
361 1047 423 1115 Dei
431 1044 561 1133 sedens:
586 1052 654 1141 qua
669 1042 882 1133 sursumsunt
896 1041 1053 1139 sapiant,
1080 1070 1147 1115 non
1160 1069 1227 1139 qua

161 1152 254 1244 saper
267 1162 397 1219 terram.
436 1142 504 1217 Sed
523 1143 554 1214 dr
574 1141 621 1215 src
636 1144 880 1235 unusquisque
899 1144 1031 1219 habere
1044 1145 1081 1217 in
1097 1144 1132 1218 se
1147 1163 1229 1236 pro·

164 1252 271 1339 batur
287 1244 455 1339 Spiritum
475 1241 612 1318 Christi.
665 1240 822 1322 Christus
850 1242 1018 1337 sapientia
1043 1239 1113 1318 'esta
1139 1242 1162 1316 st
1186 1242 1229 1317 srt

166 1351 245 1441 quie
262 1342 398 1439 sapiens
418 1342 609 1417 secuudum
627 1339 823 1429 Christum,
850 1344 884 1415 dr
903 1362 980 1434 que
999 1341 1125 1417 Christi
1149 1341 1229 1416 sunt

166 1446 297 1540 sapiat,
323 1445 432 1517 habet
454 1444 490 1516 in
513 1438 549 1515 se
572 1460 636 1535 per
660 1441 867 1534 sapientiam
892 1440 1061 1536 Spiritum
1087 1420 1228 1530 Christi.

167 1541 329 1621 Christus
344 1540 477 1636 justitia
503 1540 578 1615 est:
618 1538 642 1614 sr
674 1544 752 1634 quia
779 1542 911 1615 habeat
938 1545 975 1616 in
1001 1542 1035 1615 se
1060 1542 1231 1635 justitiam

167 1641 319 1736 Christi,
351 1661 415 1736 per
438 1638 607 1734 justitiam
635 1640 746 1716 hahet
770 1643 808 1715 in
834 1637 868 1715 se
891 1642 1063 1734 Spiritum
1089 1641 1230 1721 Christi.

170 1742 338 1820 Christus·
352 1762 422 1834 pax
448 1740 518 1814 est:
549 1739 571 1813 fi
593 1742 670 1832 quis
688 1742 818 1815 habeat
840 1742 875 1814 in
895 1740 929 1814 se
948 1760 1072 1834 pacem
1089 1741 1232 1837 Christi,

140 1830 237 1940 xper
254 1842 422 1936 Spiritum
442 1841 538 1934 pacis
559 1838 668 1913 babet
690 1841 727 1913 iu
745 1832 779 1914 se
794 1841 963 1932 Spiritum
983 1838 1121 1919 Christi.
1171 1845 1233 1918 Sic

173 1945 207 2017 dr
233 1944 463 2032 charitatem,
490 1938 537 2013 nc
561 1939 593 2011 δι
614 1937 951 2033 santlilicationem,
976 1940 1024 2016 stc
1050 1938 1236 2039 &singula
1279 1976 1284 1982 ·

173 2060 335 2135 quaeque,
343 2059 422 2133 que
440 2035 597 2114 Christus
618 2037 687 2113 elle
700 2040 914 2132 dicitur‚qui
931 2041 1059 2132 habet,
1085 2042 1144 2115 hic
1160 2044 1237 2137 Spi-
1276 2055 1278 2060 ·

169 2146 278 2217 ritum
298 2137 425 2216 Christi
443 2140 480 2213 ln
497 2134 532 2217 se
550 2139 684 2212 habere
701 2139 899 2216 credendus
920 2139 995 2233 est,
1023 2140 1057 2214 u
1079 2139 1235 2236 sperare,
1250 2228 1252 2232 Α

175 2242 274 2339 quod
294 2238 449 2315 mortale
467 2256 602 2333 corpur
617 2237 715 2311 suurn
741 2234 988 2337 vivificabitur
1009 2235 1160 2335 propter
1180 2245 1249 2317 in·.

173 2339 392 2420 habitantem
410 2340 446 2412 in
467 2336 502 2412 se
519 2338 687 2432 Spiritum
707 2336 847 2415 Christi.

254 2462 309 2528 14.
338 2440 442 2533 Ergo,
461 2438 610 2530 fratrer,
636 2439 786 2510 debitores
808 2440 931 2527 sumus,
957 2462 1022 2510 non
1043 2454 1171 2529 carnis,
1198 2457 1238 2515 ut
1279 2461 1304 2508 .“

168 2543 338 2636 secundum
353 2563 476 2612 tarnem
492 2544 655 2611 vivamus.
708 2541 751 2610 Si
765 2546 849 2611 enim
857 2541 1027 2631 suendum
1043 2564 1169 2614 carnem
1185 2548 1240 2614 oi.

174 2648 309 2728 attritis,
335 2644 532 2714 moriemini:
547 2639 578 2734 st
596 2654 701 2710 autem
713 2641 831 2735 spiriru
845 2639 936 2712 otius
950 2635 1239 2731 earnirruortificr·

176 2748 240 2829 tir,
267 2745 401 2816 uideris.
453 2737 622 2831 Spiritum
649 2734 776 2816 Christi
800 2739 962 2814 habitare
987 2740 1024 2812 in
1050 2744 1177 2835 nobie,
1205 2741 1241 2819 dt

177 2841 274 2917 dona
290 2836 441 2935 spiritur
459 2839 564 2911 nobis
583 2838 738 2934 collata,
765 2834 922 2934 superius
940 2839 1077 2916 docuit.
1105 2841 1241 2917 Conse·
1268 2927 1277 2933 .

134 2963 137 2968 ·
179 2953 332 3035 quanter
350 2958 436 3036 ergo
450 2958 547 3012 nunc
562 2939 679 3029 addit,
707 2941 787 3030 quia
804 2940 954 3013 debitores
966 2942 1092 3028 summ,
1114 2949 1242 3019 eorum
1287 2947 1306 2956 “

179 3042 253 3117 fine
282 3033 417 3131 dubio,
444 3057 522 3130 quae
544 3059 565 3110 a
589 3036 724 3130 Spiritu
747 3038 874 3134 Christi
903 3036 1088 3114 consecuti
1116 3038 1243 3117 surnus.
1305 3067 1307 3070 ’

183 3144 301 3213 Carnis
315 3152 457 3228 autem,
483 3139 618 3229 inquit,
644 3138 791 3210 debitores
809 3162 874 3223 non
884 3141 1007 3231 suprrun
1038 3139 1130 3215 Non
1150 3143 1245 3218 enim

180 3254 373 3336 propterea
392 3255 461 3310 not
478 3236 564 3310 fecit
583 3234 687 3311 Deua
701 3236 744 3312 ad
760 3238 948 3336 imaginem
964 3236 1078 3333 suam,
1092 3229 1146 3312 rit
1172 3262 1246 3338 car·

179 3342 237 3430 nie
262 3334 411 3414 seruitio
434 3332 582 3410 eilemua
608 3337 780 3425 obnoxii,
805 3334 865 3413 sed
886 3340 1008 3433 potius
1026 3352 1068 3411 ut
1090 3341 1246 3413 creatori

178 3434 246 3516 suo
262 3441 375 3513 anima
390 3433 615 3529 deserviens,
642 3434 715 3530 ipsa
730 3438 879 3512 servitio
904 3458 946 3512 ac
962 3436 1157 3536 ministerio
1174 3462 1250 3512 car·

180 3541 237 3615 nia
254 3550 441 3620 uteretur„
482 3532 551 3609 Sed
577 3533 731 3609 sortasse
751 3536 848 3611 dicat
873 3537 1016 3630 aliquisr
1044 3538 1247 3637 Quomodo
1290 3577 1295 3603 ι

184 3639 300 3714 carnin
315 3656 392 3713 non
408 3630 524 3712 sumus
540 3634 739 3729 debitores,
753 3657 832 3711 cum
851 3637 884 3730 dn
900 3634 1033 3728 vitium
1050 3642 1082 3713 ei
1098 3638 1132 3711 dr
1147 3639 1251 3715 indu·

185 3754 346 3815 mentum
363 3736 559 3832 providere
572 3747 708 3808 nature
723 3736 928 3838 necellitate
943 3734 1152 3834 coganturi»
1179 3737 1252 3815 Sed
1322 3797 1326 3806 .

185 3853 227 3913 ut
243 3836 431 3931 ostendat,
456 3855 533 3912 non
559 3837 659 3908 carol
684 3833 816 3929 aliquid
842 3835 1034 3932 conserte,
1060 3835 1120 3913 sed
1144 3838 1255 3934 ipsam
1297 3843 1325 3932 =';

186 3940 302 4015 vitam
321 3938 419 4013 carni
436 3924 641 4032 mancipare
660 3936 838 4032 culpabile
858 3936 1256 4059 huninidis-lidii
1321 3937 1325 4014 l

681 4031 863 4114 Xa·
1175 4028 1295 4113 sii
