2825 4559
214 330 298 408 188:
365 317 665 414 ''ORI'GENIS
707 273 1117 403 COMMENTAR,
1182 247 1189 264 ,

191 575 194 580 ,
212 469 305 564 ihlm
322 482 542 558 surrexisset
558 487 733 573 mortuis,
761 487 899 559 credite
916 489 1023 562 etiam
1038 484 1282 580 vosmetipsos

213 606 297 660 cum
316 585 393 679 ipso
413 587 547 677 pariter
563 583 766 658 surrexiffe·
794 585 1054 677 discreditis,
1082 588 1163 676 quia
1184 587 1284 660 sedet

174 751 179 756 .
218 685 262 758 nd
276 686 460 758 dexteram
481 684 626 759 Patris
615 705 652 757 tn
663 687 794 777 ecelis,
820 686 927 758 etiam
948 686 1189 778 vosmetipsos
1209 707 1285 759 cre·

215 784 318 858 dita
306 805 376 876 jam
390 804 467 858 non
486 785 522 857 in
542 789 706 873 terrenis,
717 783 798 857 sed
790 805 825 857 rn
843 784 1042 858 coelestibus
1059 787 1282 860 collocatos:

215 882 291 960 dest
310 885 453 958 creditis
472 905 543 959 vos
568 883 709 959 Christo
733 900 1008 975 commortuos,
1038 888 1174 957 credite
1200 866 1282 976 qui‘a
1314 895 1319 910 ‘

215 983 477 1058 &convivetis
494 987 550 1061 ei:
575 986 609 1059 dr
628 986 652 1058 st
671 985 830 1076 creditis,
844 986 925 1075 quia
942 983 1098 1058 Christus
1116 1000 1281 1059 mortuus

216 1082 270 1158 ost
292 1089 470 1179 peccato,
497 1085 645 1158 &vivit
661 1083 769 1175 Deo,
795 1087 902 1158 etiam
922 1106 992 1157 vos
1011 1087 1144 1158 mortui
1166 1084 1284 1156 estote

212 1183 428 1282 peccato,&
446 1185 577 1257 vivite
583 1184 678 1258 Deo.
707 1182 755 1256 Et
770 1187 843 1258 hoc
858 1184 926 1272 est,
954 1185 1051 1275 quod
1070 1185 1284 1256 auctoritate

212 1281 426 1376 Apostolica
442 1280 682 1375 protestatur,
710 1283 866 1359 διάἰείῑ.
893 1289 931 1355 Si
954 1285 1187 1380 consurrexrflr's
1211 1305 1283 1353 curu

217 1384 361 1480 Christo,
388 1407 453 1480 qua
460 1386 587 1474 Jursrrnr
602 1386 680 1472 [urit
695 1383 846 1483 quarite,
875 1386 927 1455 udi
945 1385 1089 1481 Christus
1104 1389 1170 1480 ‘ii
1158 1409 1195 1482 ηρ
1208 1385 1283 1454 dex·

213 1500 284 1556 tero
303 1486 507 1571 Deisrdem:
532 1508 598 1583 que
622 1486 743 1573 (ursum
762 1487 844 1574 funt
868 1487 984 1579 sopire,
1010 1509 1075 1554 non
1100 1509 1168 1580 qua
1187 1486 1283 1579 super

135 1587 139 1592 ’
211 1599 351 1659 terram:
376 1604 458 1674 qura
475 1603 535 1674 qur
551 1588 629 1659 hnc
648 1587 741 1678 agit
768 1586 828 1657 hre
845 1584 880 1658 se
897 1583 1053 1658 ostendit
1075 1586 1279 1658 crederem

211 1703 315 1776 eum,
344 1687 401 1774 qui
423 1680 605 1757 suscitavit
619 1683 735 1777 Jesum
755 1684 951 1758 Dominum
971 1684 1130 1757 nostrum
1150 1703 1282 1757 amor·

211 1784 304 1856 tois:
331 1783 466 1855 &burc
479 1805 567 1856 vere
582 1782 670 1858 fides
688 1798 877 1875 reputatur
892 1786 934 1856 ad
945 1784 1025 1878 Just
1029 1786 1124 1857 tram
1147 1783 1283 1872 Neque

210 1884 308 1955 onim
333 1881 654 1974 portunensis
678 1885 823 1957 habenti
842 1885 878 1957 in
901 1883 934 1957 se
955 1883 1085 1974 aliquid
1106 1881 1282 1975 injustitiae

117 2015 121 2022 ·
209 1981 315 2076 poffit
326 1981 459 2073 justitia
471 1985 648 2076 reputari,
675 1985 783 2057 utiam
801 1983 825 2055 sr
841 1985 988 2055 credat
979 2005 1014 2056 rn
1033 1984 1198 2075 eum,qui
1216 1979 1282 2054 sus·

204 2083 341 2155 citavit
356 2081 685 2176 Dominum.Jesum
701 2105 720 2156 a
737 2085 901 2157 mortuis.
937 2077 1111 2175 Injustitia
1126 2101 1281 2173 namque

212 2200 296 2256 oum
316 2179 448 2274 justitia
473 2183 559 2258 nihil
579 2181 699 2274 potest
721 2184 852 2255 habere
869 2202 1082 2273 commune,
1108 2184 1196 2256 sicut
1211 2201 1284 2253 nec

211 2280 275 2354 lux
293 2301 373 2352 cum
392 2283 570 2371 tenebris,
597 2302 665 2354 nec
683 2286 757 2353 vita
773 2301 853 2356 cum
869 2297 998 2356 morte.
1051 2282 1106 2354 ita
1132 2299 1220 2375 crgo
1247 2284 1284 2352 dt

213 2380 443 2470 credentibus
460 2380 602 2473 quidem
617 2380 775 2470 Christo,
793 2400 864 2453 nec
879 2399 996 2454 tamen
1013 2380 1284 2475 deponentibus

211 2491 377 2562 veterem
395 2481 579 2554 hominem
596 2501 677 2555 cum
697 2480 830 2554 aurbus
850 2478 917 2554 suis
935 2481 1088 2573 injustis,
1115 2477 1203 2553 fides
1229 2497 1286 2551 re·

211 2583 433 2673 putarinon
459 2580 580 2671 potest
605 2583 648 2654 ad
673 2579 852 2672 justitiam.
905 2582 1014 2654 Simili
1035 2594 1152 2652 autem
1168 2578 1283 2650 modo

211 2677 395 2774 poffumus
413 2681 551 2767 dicere,
578 2684 680 2771 quia,
707 2681 796 2753 srcut
812 2680 1036 2773 injustonon
1054 2678 1173 2774 potest
1187 2675 1285 2769 justi-

211 2782 263 2853 tia
277 2779 463 2871 reputari,
489 2781 538 2850 ita
552 2801 621 2852 nec
639 2782 822 2871 impudico
841 2780 1036 2874 pudcitia,
1063 2799 1130 2852 nec
1153 2779 1281 2866 iniquo

212 2879 383 2970 aequitas,
410 2897 478 2949 nec
494 2881 606 2951 a'varo
623 2880 838 2970 liberalitas,
865 2899 934 2950 nec
957 2882 1069 2971 impio
1092 2880 1205 2971 pietas
1227 2896 1283 2948 re·

213 2978 332 3074 putari
350 2974 484 3070 potest,
499 2977 619 3050 donec
638 2977 778 3050 vetusta
796 2978 969 3052 vitiorum
984 2978 1192 3051 indumenta
1208 2995 1283 3051 non

214 3076 359 3170 abjicit,
385 3075 551 3149 &nouum
570 3076 604 3150 se
618 3078 733 3149 induit
746 3078 912 3157 bominem,
927 3086 984 3174 qui
995 3081 1161 3166 serrandum
1180 3081 1283 3147 Deum
1325 3095 1327 3100 '

213 3195 338 3252 meatur
349 3178 399 3274 efl,
417 3180 454 3261 U
473 3196 648 3249 renovatur
665 3185 700 3246 in
717 3183 876 3270 agnitione
896 3183 956 3248 Dei
969 3181 1008 3247 ad
1023 3184 1186 3273 imaginem
1202 3177 1283 3275 ejus,

211 3282 405 3378 quintabit
419 3301 500 3348 rum.
545 3276 743 3369 Propterea
761 3279 855 3351 enim
873 3278 904 3349 dr
921 3280 956 3349 in
974 3277 1201 3369 sequentibus
1224 3279 1284 3348 ad·

209 3379 348 3475 jungit,
376 3374 408 3450 dt
427 3379 514 3462 dicit
527 3377 577 3450 de
594 3375 755 3449 Domino
772 3377 867 3468 Jesu:
902 3382 972 3470 Qui
989 3383 1128 3451 traditur
1145 3377 1202 3472 est,
1229 3377 1284 3450 in·
1328 3431 1330 3436 ,

214 3481 312 3573 quit,
335 3493 462 3575 propter
472 3493 594 3571 peccato
608 3480 733 3568 nostru,
755 3477 792 3553 U
810 3479 983 3566 resurrexit
997 3496 1123 3574 propter·
1131 3479 1283 3575 justifica·-

178 3639 180 3643 .
210 3587 330 3654 tionem
349 3577 504 3669 nostram.-
528 3589 569 3649 ut
588 3575 766 3667 ostendat,
783 3578 864 3667 quia
879 3599 933 3669 ea,
952 3597 1020 3669 pro
1036 3579 1164 3669 quibus
1181 3575 1285 3652 Chri·

200 3680 286 3753 ¹stus
302 3678 452 3749 traditus
472 3675 652 3768 cst,etiam
668 3698 737 3749 nos
757 3679 951 3751 abhorrere
969 3680 1159 3751 debeamus
1177 3677 1208 3748 u
1224 3680 1284 3750 ab·

210 3780 337 3874 jicere.
372 3775 408 3848 Si
429 3777 523 3849 enim
545 3789 696 3871 propter
716 3791 864 3870 peccata
880 3777 999 3851 nostra
1014 3778 1180 3850 traditum
1200 3797 1283 3852 eum

212 3878 413 3966 credimus,
439 3874 628 3969 quomodo
654 3897 730 3948 non
751 3880 904 3950 alienum
923 3878 1028 3949 nobis
1052 3876 1284 3950 &inimicum

212 3979 358 4057 ducitur
379 3996 488 4051 omne
510 3989 722 4074 peccatum,
748 3995 817 4072 pro
833 3997 907 4069 quo
923 3977 1149 4072 Redemptor
1163 3976 1302 4072 noster·

1156 4090 1231 4147 tra-
