2825 4559
76 348 121 437 ·,
160 358 243 447 24⁶:
310 350 613 440 romonolo·
652 319 1058 464 couniuntur.
1164 286 1167 292 ¹

239 518 275 590 6.
305 520 376 588 Lex
387 531 493 587 autem
501 516 725 604 subintravit,
752 533 791 587 ut
804 517 983 592 abundaret
995 512 1157 587 deditium:
1175 515 1239 585 Ubi

167 615 273 689 autem
290 616 469 713 abundavit
483 632 655 712 peccatum,
674 617 951 715 superabundavit
959 621 1088 710 gratio,
1110 633 1148 684 ut
1154 616 1239 707 ficut

169 726 319 809 regnauit
333 721 542 811 peccatum-in
558 721 702 816 marpem,
730 723 778 786 ito
795 716 833 794 (d
843 709 949 809 gratia
963 733 1068 809 regnet
1080 737 1137 813 pes
1145 712 1243 812 juflii

169 821 250 889 tiam
267 820 304 886 iu
318 823 424 887 uitam
435 833 598 900 aternam,
615 838 668 912 per
680 819 796 916 -Jesum
816 818 974 913 Christum
994 822 1168 887 Dominum
1185 840 1247 904 nm

163 916 278 1014 strum.
330 915 546 1008 Siquidem,
575 932 764 1007 antequam
787 918 846 990 lex
862 917 935 1010 'per
957 915 1116 1007 Moysen
1140 915 1241 988 dara·

169 1030 249 1099 tur,
276 1038 385 1088 nemo
400 1015 596 1109 peccasset,
623 1019 795 1090 uolentes
811 1016 975 1090 accusare
990 1016 1106 1111 legem
1123 1037 1169 1087 ex
1187 1018 1240 1087 bis

170 1115 481 1207 Apostoli-uerbis
503 1116 673 1190 Marcion
698 1116 868 1189 &careri
887 1116 1058 1210 Haeretici
1082 1114 1243 1188 occasio·

170 1235 254 1289 nem
274 1236 402 1307 capere
416 1214 646 1308 viderentur,
667 1231 835 1307 tanquam
852 1216 928 1288 haec
943 1214 1053 1287 fuerit
1069 1213 1170 1287 causa
1185 1215 1244 1285 da·
1269 1206 1273 1236 ¹

171 1327 218 1387 tae
234 1316 340 1408 legis,
367 1329 408 1386 ut
425 1329 640 1406 peccatum,
667 1315 766 1408 quod
784 1330 866 1390 ante
881 1316 997 1407 legem
1015 1334 1091 1387 non
1109 1312 1243 1405 fuerat,

173 1416 382 1489 abundaret.
434 1413 504 1487 Sed
516 1415 660 1505 nescio,
681 1416 781 1507 quod
798 1430 939 1503 tempus
954 1413 1162 1486 inueniatur
1183 1435 1245 1483 va·

173 1533 280 1586 cuurn
300 1518 459 1606 peccatis
480 1531 565 1588 ante
582 1517 706 1611 legem.
724 1514 882 1609 Quando
898 1508 1140 1586 interficiebat
1154 1510 1258 1600 Cain⁴

173 1611 292 1702 Abel,
320 1614 353 1682 de
379 1628 510 1688 terram
531 1614 693 1687 fraterno
716 1615 881 1708 sanguine
899 1615 1110 1705 polluebat,
1136 1613 1187 1684 ita
1204 1625 1246 1684 ut

161 1711 417 1792 ,dicereturad
431 1734 526 1787 eam:
555 1713 733 1795 Malediita
750 1718 890 1784 terrain
906 1733 993 1807 opere
1008 1728 1075 1798 tua,
1091 1735 1158 1807 quo
1174 1731 1244 1804 ape·

176 1819 249 1906 ruit
270 1816 435 1903 ostoun,
461 1829 499 1884 ut
519 1813 686 1907 susciperet
703 1814 888 1906 sanguimm
913 1812 1036 1902 fratris
1060 1817 1131 1897 tui„
1165 1831 1245 1896 non

176 1912 383 1986 abundabat
400 1912 615 2006 peccaturo?
642 1914 859 2010 Abundtbat
878 1914 995 2004 planes
1034 1912 1129 2007 Quid
1149 1912 1246 1985 enirn

177 2030 262 2084 cunr
285 2010 319 2080 n
345 2012 509 2088 homines
534 2016 780 2104 abundarent,
812 2013 872 2086 vel
894 2025 981 2084 tunc
1002 2031 1084 2086 cum
1104 2011 1247 2092 dicebat

176 2106 355 2202 Lamech:
389 2116 508 2183 Virum
530 2119 626 2182 occidi
653 2119 689 2181 in
711 2115 845 2183 vulnere
866 2135 946 2198 mea,
973 2112 1012 2186 (Ἰ
1030 2116 1180 2208 juvenem
1206 2115 1246 2180 in

178 2210 282 2283 liuore
298 2202 387 2287 mes?
422 2213 469 2288 Et
489 2214 524 2283 da
546 2215 626 2283 Cain
643 2214 981 2310 quidemrsindieotum
996 2213 1035 2309 ιβ
1047 2210 1183 2304 septies,
1210 2211 1246 2281 de

179 2311 320 2382 Laurea
337 2336 412 2382 verra
421 2313 594 2406 septuagies
603 2316 727 2406 septies.
752 2307 841 2390 Noe
861 2332 951 2386 vero
970 2309 1193 2403 temporibus
1210 2310 1248 2385 in

178 2423 318 2485 tanturn
335 2411 733 2504 abundavitdelidluns‚
759 2414 944 2497 utoidens,
970 2412 1109 2501 inquit,
1138 2414 1249 2479 Durus·-

176 2532 239 2579 Μ
247 2559 257 2590 s
274 2517 349 2605 quia
366 2514 583 2609 multiplicata
591 2515 670 2603 sunt
685 2514 815 2583 malitia
831 2514 992 2583 hominum
1008 2514 1099 2605 lupar
1115 2525 1248 2600 terram,

178 2609 220 2686 U
233 2617 332 2681 omnir
347 2613 437 2683 bema
452 2638 503 2684 eor
511 2614 786 2712 suumdiligenter
800 2613 941 2708 opposuit
955 2621 992 2681 in
1006 2613 1131 2700 malitie
1145 2616 1248 2678 amni·

179 2708 235 2780 itus
251 2713 356 2779 diebus
372 2716 450 2784 uita
460 2714 541 2801 sua,
570 2721 756 2806 recogitavit
775 2717 951 2795 Dominus,
974 2706 1180 2810 quiafeserat
1194 2710 1250 2779 ho·

182 2815 301 2879 minem
325 2814 416 2904 [uper
439 2830 581 2900 terram,
608 2815 646 2890 (5
659 2819 811 2907 penituit
830 2818 867 2883 in
884 2813 969 2883 sorde
983 2814 1058 2899 sue,
1084 2808 1122 2885 (l
1141 2810 1246 2878 dixit:

181 2909 300 2980 Delede
320 2913 495 2999 bominem,
521 2938 608 3010 quem
619 2912 708 3002 feei,
733 2941 755 2985 a
766 2913 853 3005 facie
869 2930 979 2997 terra,
1005 2911 1042 2982 ab
1054 2911 1178 2986 mutue
1196 2908 1246 2994 sss·

89 3025 91 3030 ’
181 3032 240 3105 que
261 3012 300 3079 ad
317 3031 427 3104 pecus,
453 3011 492 3086 (5
511 3042 531 3083 a
548 3013 714 3106 reptilibus
731 3016 821 3108 usque
838 3015 877 3085 od
894 3037 968 3082 aver
985 3014 1072 3098 tali,
1097 3012 1249 3105 qusniam

179 3114 315 3205 paenitet
333 3136 397 3189 me,
422 3114 501 3212 quud
512 3112 644 3205 fecerim
660 3138 718 3186 ear.
776 3111 825 3185 Et
850 3116 1003 3203 iterum,
1030 3130 1111 3183 curn
1139 3108 1248 3182 dicit:

185 3213 342 3306 Corrupto
358 3212 398 3305 eJl
418 3228 505 3284 terta
524 3219 560 3284 s'u
576 3211 733 3305 conspeiiu
753 3216 900 3295 Domini,
915 3214 954 3287 (5
969 3213 1085 3308 repieta
1102 3210 1141 3296 est
1160 3207 1250 3278 terra

182 3312 424 3408 iniquitatibus.
454 3315 501 3385 Et
515 3316 600 3384 uidit
620 3311 915 3399 transserram&
932 3330 1002 3385 erat
1018 3324 1164 3405 surrupta
1178 3310 1249 3378 val·

181 3411 238 3494 te,
271 3417 348 3511 quio
373 3431 552 3510 corruperat
576 3405 677 3483 amnis
701 3439 772 3486 coro
796 3420 884 3484 uiam
899 3414 992 3499 suam
1009 3412 1098 3505 super
1118 3428 1249 3483 terram.

181 3510 274 3603 Quia
300 3531 388 3605 ergo
409 3510 467 3587 est¹
484 3516 530 3587 ita
556 3512 725 3603 stolidus,
753 3517 812 3603 qui
830 3515 866 3584 in
884 3511 938 3584 his
955 3513 1122 3586 omnibus
1140 3522 1249 3601 neget

183 3610 374 3685 abundalle
400 3612 618 3705 peccatum?
669 3613 743 3686 Vel
761 3628 861 3688 certe
886 3632 967 3686 curn
987 3611 1032 3685 de
1051 3607 1250 3684 Sodomitis

183 3709 314 3782 dicitur
333 3710 470 3786 ttDeo:
496 3714 668 3798 Descendi,
693 3729 732 3783 ut
749 3715 901 3796 uiderem,
910 3714 939 3805 fl
951 3712 1121 3801 secuudum
1138 3710 1250 3778 elamo-

183 3835 251 3883 rem
270 3813 502 3884 Sodomitarum
526 3814 786 3894 consummantur
814 3818 1003 3907 iniquitates
1028 3833 1153 3881 earum:
1186 3808 1250 3879 vel

183 3930 266 3983 eunt
293 3910 606 3988 circumsteterunt
632 3913 778 3988 domurn
805 3913 900 4001 Lot,
927 3910 1156 4004 impudicitia
1183 3904 1251 3978 suae

178 4012 295 4088 scelus
312 4018 420 4089 esiam
435 4014 471 4091 io
482 4009 647 4116 Angelos
667 4015 882 4092 audientest
908 4011 985 4090 Aut
999 4025 1086 4087 tuuc
1103 4004 1252 4085 tortasse

1121 4126 1207 4182 Nm
