2825 4559
162 334 241 412 332·
324 249 1046 400 onroanrseouuruuuan.
1149 380 1152 388 ,

134 500 138 510 “
159 474 315 569 condigna
318 473 404 564 sunt
417 470 575 572 paffiuncr
592 451 688 571 hcijus
706 482 854 572 temporis
867 479 907 549 ad
915 477 1070 568 facturam
1077 476 1226 571 gloriam,

162 599 229 751 gre
247 572 437 646 revelabitur
454 578 494 645 tn
510 571 652 650 sauciis:
670 573 743 650 -sed
763 573 852 650 ficut
874 575 918 650 ad
940 575 1151 651 Corinthios
1174 576 1227 650 di·

198 694 255 750 unt
270 674 506 770 protulimus,
533 673 904 750 ex'mumentaneo&
929 678 1003 750 levi
1023 676 1227 749 tribulatio·

159 793 248 872 num
260 772 459 850 nostrarum
472 775 599 849 labore
620 771 751 852 sentina
771 774 929 867 quaedam
948 773 1099 850 colledia
1119 772 1226 867 supra

161 871 308 952 modurn
336 874 374 947 in
399 872 605 950 iuuenum
631 875 747 950 nobis¹
766 888 907 949 eternae
934 876 1076 969 pondus
1102 876 1229 970 gloria

160 972 423 1070 properabunt.
451 974 564 1146 guod
576 993 668 1048 vero
683 975 791 1048 etiarn
805 977 841 1049 in
857 975 1019 1068 prasenti
1035 977 1111 1047 vita
1123 971 1227 1065 justis

160 1069 356 1152 secundum
374 1093 457 1154 taen
473 1092 570 1150 uram
590 1073 784 1170 passionum
801 1072 937 1147 suarum
966 1075 1071 1148 etiam
1097 1070 1228 1146 conso·

93 1219 98 1232 ·
160 1172 251 1248 latio
274 1172 397 1270 divina
419 1173 617 1256 tribuatur,
644 1170 833 1248 confirmat
852 1173 946 1247 idem
965 1171 1166 1268 Apostolus
1190 1174 1228 1245 iu

160 1268 318 1351 secunda
339 1273 382 1345 ad
405 1270 619 1349 Corinthios
646 1271 819 1348 scribens:
850 1277 943 1367 Quia
959 1276 1040 1368 ficar
1056 1273 1229 1352 ,aruerant

159 1369 313 1546 {afflante
334 1373 454 1470 Cirrifli
472 1377 509 1443 in
529 1375 628 1464 nabis,
647 1378 695 1445 ita
713 1374 854 1445 abundat
874 1373 912 1451 U
929 1375 1093 1464 euersaiatia
1110 1372 1229 1465 natira.

197 1485 306 1547 tnon
322 1469 431 1572 dixit:
455 1470 732 1567 supramodum
748 1472 925 1565 abundat,
953 1489 1014 1546 aut
1028 1475 1229 1557 inimrnen·

160 1569 256 1668 sunr5
279 1569 340 1647 sed
358 1585 527 1666 quantum
545 1574 718 1668 paffionec
735 1571 833 1666 sunt,
860 1586 999 1652 tantum
1013 1571 1046 1645 dc
1061 1570 1227 1645 consola·

161 1671 297 1748 tiones,
349 1674 462 1774 Quod
484 1685 603 1749 autem
628 1674 733 1748 dicit:
760 1675 811 1746 Aa
826 1671 976 1764 facturam
988 1675 1136 1766 giarium,
1162 1694 1232 1767 quae

163 1771 359 1845 revelabitur
378 1778 417 1844 c'n
435 1773 545 1859 nabis,
571 1771 673 1866 supra
686 1774 760 1866 jam
779 1787 871 1864 puto
895 1773 994 1864 quod
1016 1769 1233 1845 sufficienter

163 1869 383 1947 ostendimus
407 1872 452 1946 de
470 1870 671 1946 differentia
689 1874 905 1970 gloriarum,
933 1893 1010 1967 quae
1036 1871 1078 1957 srt
1099 1872 1231 1966 gloria,

163 1991 243 2063 quae
258 1972 331 2063 jrrn
345 1967 508 2046 revelata
525 1967 597 2064 est',
623 1970 823 2066 &quaesrt,
850 1994 928 2065 quac
947 1972 1141 2046 revelanda
1159 1969 1227 2059 fit;

86 2114 91 2126 ι
163 2071 200 2144 dc
214 2071 416 2166 quomodo,
435 2090 625 2164 quaenunt
644 2071 823 2164 videmus,
841 2092 898 2167 per
910 2073 1065 2165 specuium
1082 2071 1248 2158 videmec.

163 2169 262 2249 &in
277 2176 457 2263 enigmata,
483 2185 699 2263 runcantem,
727 2191 807 2245 curn
827 2174 973 2245 venerit
989 2170 1097 2252 Filius
1115 2170 1234 2244 homi·

161 2271 219 2346 nis
234 2271 270 2345 in
289 2271 403 2367 gloria
420 2268 534 2346 Patria
552 2270 586 2345 n
603 2270 801 2346 sanctorum
819 2269 1065 2368 Angelorum,
1091 2269 1232 2343 videbi·

163 2391 243 2447 mus
254 2370 342 2465 facie
356 2373 396 2441 ad
406 2369 545 2463 faciem,
572 2370 661 2445 sicut
678 2370 711 2442 dr
728 2371 886 2466 Jotnnes
907 2372 1012 2444 dixit:
1040 2373 1130 2464 Quia
1143 2370 1232 2440 vide·

165 2471 266 2543 bimus
287 2472 529 2569 cumsscuri'cfl.
579 2470 649 2544 Sed
677 2471 710 2543 dt
735 2472 795 2547 illa
820 2470 941 2564 potest
964 2469 1078 2544 videri
1104 2471 1234 2565 gloria,

165 2592 245 2666 quae
269 2571 464 2647 revelanda
485 2570 556 2665 est,
583 2592 664 2645 curn
685 2570 730 2644 de
746 2570 888 2667 singulis
904 2574 1103 2662 quibusque
1119 2568 1232 2640 ratio·

163 2673 270 2748 nibus
289 2672 433 2762 mundi,
462 2674 520 2745 vel
539 2692 686 2763 eorum,
714 2691 790 2762 quae
814 2669 915 2761 supra
939 2671 1110 2768 mundum
1133 2666 1228 2759 suut,

164 2774 316 2865 coeperit
333 2767 493 2854 doctrina
512 2769 704 2867 cognosci,
732 2770 765 2840 dc
784 2768 936 2843 thesauri
953 2768 1132 2861 sapienciae
1151 2765 1232 2863 ejua

164 2868 378 2950 nescientiae
395 2871 561 2942 revelari.
614 2868 699 2942 Post
715 2868 791 2942 baec
808 2869 914 2943 dicit:
942 2873 1031 2941 Nam
1048 2865 1234 2959 exspatiaria

164 2985 316 3041 creatura
347 2970 571 3039 revelationem
595 2970 740 3060 filiarum
771 2974 833 3040 Dei
866 2968 1030 3061 exspetiat.
1082 2967 1228 3041 Volent

168 3066 360 3145 ostendere
374 3065 595 3162 Apostolus,
621 3080 755 3161 quanta
770 3070 893 3159 quatis.
906 3088 952 3148 ue
966 3069 1007 3141 tit
1021 3067 1239 3164 gloria,quae

163 3168 360 3243 revelanda
377 3164 427 3244 est
443 3168 481 3241 in
497 3167 599 3263 ipso,
625 3172 685 3242 vel
708 3169 744 3240 in
764 3170 841 3258 hia,
869 3169 927 3258 qui
941 3187 1079 3264 ragones
1101 3165 1233 3240 Christi

163 3269 305 3366 integre
320 3266 588 3350 desudaverint,
615 3271 662 3341 ait
678 3269 784 3346 etiarn
801 3283 999 3340 creaturam
1014 3272 1162 3360 (utpote
1179 3285 1234 3338 ra·

164 3369 395 3464 tionabiiem)
411 3369 543 3443 habere
561 3367 860 3462 exspectationem
879 3368 1076 3457 quamdam,
1088 3365 1122 3439 dc
1134 3363 1232 3455 spem

164 3489 289 3568 gerere
313 3470 487 3563 temporis
504 3473 616 3555 illius,
643 3489 716 3560 quo
732 3468 925 3540 revelanda
942 3467 992 3540 est
1008 3468 1122 3562 gioria
1137 3462 1232 3537 filio·

154 3587 244 3644 'cunr
262 3567 355 3667 Dei,
382 3573 455 3646 hoc
469 3570 538 3663 est,
566 3590 645 3642 curn
663 3568 921 3641 revelabuntur
937 3590 990 3651 ea,
1006 3588 1083 3657 quae
1097 3585 1232 3659 pracpa-

164 3682 241 3743 rata
255 3667 336 3743 sunt
351 3671 424 3764 his,
443 3674 502 3764 qui
519 3667 581 3743 filii
599 3668 668 3742 Dei
688 3664 757 3742 effe
771 3670 1026 3757 merebuntur,
1052 3680 1114 3739 aut
1131 3679 1233 3737 certe

95 3767 100 3774 ’
165 3790 248 3844 cum
265 3772 386 3847 ablato
405 3775 448 3847 ab
462 3771 516 3850 bia
531 3770 733 3857 velamine,
760 3787 833 3857 quo
851 3768 1093 3862 obteguntur,
1122 3764 1234 3835 mani-

162 3868 282 3947 testari
302 3871 437 3944 fuerint
454 3870 537 3964 ipsi,
562 3867 643 3960 quia
668 3866 733 3941 filii
758 3866 829 3940 Dei
855 3865 945 3941 sunt.
1000 3867 1092 3959 Qua·
1109 3879 1231 3937 autem

118 4029 122 4038 ,
165 3970 219 4052 est
239 3986 421 4072 creatura,
447 3991 524 4066 quae
551 3969 775 4046 revelationem
790 3970 937 4064 fitiorum
963 3969 1028 4074 Dei
1051 3955 1231 4138 eeggectacd

320 4079 324 4086 '
1113 4083 1181 4158 ec„
