2825 4559
228 370 303 446 524
398 348 684 431 ORIGENIS
727 349 1134 434 COMMENTAR.

230 522 266 595 ὰ
282 520 486 603 honorem,
512 528 574 603 ut,
589 516 624 588 in
639 510 922 606 quibuscumque
940 510 1177 601 ne'cesiariunt
1197 514 1303 595 fuerit

229 620 304 697 five
321 614 533 709 spiritalibus
547 616 621 689 sive
639 614 839 689 carnalibus
854 612 1003 696 officiiat
1017 612 1233 693 honorifice
1248 618 1304 694 ha·

228 722 392 797 beantur.

310 826 365 897 18·
391 815 542 885 Salutate
569 811 703 897 Priscam
728 811 767 889 (i
792 813 944 911 Aquilam
972 815 1135 911 adjutores
1161 838 1244 887 orcas
1268 821 1302 887 in

231 918 355 1014 chrisio
377 919 456 1011 Jasu
480 916 559 1011 (qui
573 933 630 1006 pro
644 917 752 984 anima
765 914 924 999 mensuras
946 918 1081 987 cervices
1100 914 1296 1011 posuerunt:

229 1022 342 1119 quibus
308 1040 426 1087 conon
438 1016 532 1097 s'osum
547 1037 597 1105 ego
610 1018 735 1103 gratias
751 1038 824 1108 ogo,
845 1016 899 1102 scd
921 1018 960 1089 (5
978 1014 1141 1103 universe
1163 1014 1296 1110 Eariniae

230 1120 405 1207 Gentium)
424 1116 462 1190 si
476 1112 662 1207 domcssiram
676 1137 783 1183 corum
801 1114 973 1205 Eccsefiom.
1011 1113 1201 1188 Videntur
1217 1117 1296 1191 mihi

227 1219 290 1311 ipsi
308 1216 398 1308 esse,
426 1216 472 1287 de
491 1213 643 1306 quibus
633 1232 671 1285 m
686 1210 835 1286 Atirbus
846 1212 1110 1307 Apostolorum
1128 1214 1183 1287 ita
1199 1212 1296 1307 scrip·

228 1331 305 1393 tum
322 1316 390 1389 est:
423 1315 565 1410 s'ocft
505 1317 567 1384 aaa·
582 1329 687 1381 ccccm
704 1309 859 1400 discedens
880 1316 997 1387 Paulus
1011 1314 1049 1385 ob
1068 1312 1230 1403 Athenis,
1248 1340 1294 1389 oc·

226 1423 282 1489 nir
308 1421 366 1488 Cor
370 1417 519 1500 sursunt
559 1410 597 1487 0
625 1412 829 1483 inventarii
861 1416 991 1511 quodam
1020 1418 1140 1509 Jadaea
1176 1421 1293 1501 nomina

226 1518 368 1614 Aquila,
398 1519 492 1585 Pon:
480 1538 523 1587 aco
535 1526 665 1607 gantae
689 1517 746 1608 qui
772 1532 872 1609 nuper
893 1531 1029 1585 venerat
1051 1516 1088 1583 sc
1112 1514 1236 1601 ltalia,
1260 1514 1292 1591 θ’

205 1640 208 1645 ·
229 1618 373 1707 Prrscr'ssa
399 1640 496 1685 uxore
517 1618 602 1709 ejus,
624 1630 753 1708 propter
771 1615 850 1710 quod
865 1629 1048 1709 preceperat
1067 1614 1225 1685 Ciautsircs
1241 1616 1292 1705 sri-

225 1720 326 1791 crsera
344 1717 473 1810 Judaens
488 1738 590 1787 omncs
606 1740 626 1783 a
642 1716 752 1799 Roma,
768 1710 891 1803 ccccffit
905 1715 945 1785 ad
959 1734 1027 1801 σοις
1052 1710 1093 1791 Θ
1107 1720 1191 1811 qaia
1207 1728 1291 1785 crant
1322 1784 1325 1789 .

225 1814 1289 2003 ‘istitt'iitttsttitttinstitisti·

224 2014 310 2093 Nec
334 2016 490 2103 mirum,
526 2010 723 2183 irJriicam
750 2014 879 2086 Paulus
906 1964 941 2085 in
968 1964 1135 2105 Epistosa
1164 1968 1287 2105 scribit

225 2136 305 2207 quae
327 2117 364 2187 in
383 2112 534 2185 Actibus
584 2110 710 2183 riscrlla
732 2111 861 2206 scripta
885 2112 954 2199 est,
983 2116 1125 2186 caeteria
1144 2133 1285 2187 concor·

226 2215 405 2290 dantibus.
441 2208 564 2287 Potest
580 2223 699 2285 autern
718 2209 815 2298 fieri,
842 2224 906 2303 ut,
932 2214 1013 2305 quia
1030 2212 1095 2285 iilo
1113 2226 1282 2307 tempore,

220 2314 335 2408 ÷puifia
355 2335 400 2387 ex
417 2316 507 2387 urbe
522 2311 651 2404 Jodaeia
671 2333 735 2403 per
752 2325 969 2402 preceptum
988 2310 1153 2405 Caesaris,
1173 2312 1288 2387 Corin·

93 2478 111 2491 ,
222 2416 325 2489 thorn
344 2424 534 2502 venerant,
552 2411 670 2484 rursus
686 2408 790 2484 editis
807 2408 964 2484 cessante
978 2410 1129 2485 saevitia,
1143 2410 1289 2485 Roman

220 2512 365 2609 regresii
381 2512 575 2587 salutentur
595 2532 613 2581 a
628 2511 753 2588 Paulo.
804 2513 910 2607 Quos
928 2524 1048 2585 tamen
1066 2525 1223 2605 apparet
1238 2512 1290 2606 Ju-

216 2616 383 2689 ·daeoruor
400 2612 529 2686 inirdiis
548 2608 661 2683 Paulo
677 2610 905 2701 periclitante
919 2608 1128 2702 semetipsos
1147 2609 1290 2703 objecis-

222 2714 278 2801 se,
302 2727 345 2784 ut
365 2713 425 2785 iiie
442 2712 533 2784 liber
550 2707 777 2797 abscederet:
803 2709 877 2782 hoc
895 2725 1014 2783 autern
1031 2710 1065 2783 tr
1085 2709 1201 2806 Jason
1219 2711 1287 2805 qui-

223 2814 303 2889 darn
320 2809 441 2887 fecisie
457 2812 495 2883 in
510 2807 660 2881 Atiibus
677 2808 939 2900 Apostolorum
955 2809 1130 2883 refertur:
1158 2808 1289 2883 &hanc

215 2932 350 2987 ¹eoruna
370 2909 510 2985 laudent
519 2906 719 3000 Apostolus
739 2927 815 2981 non
830 2908 927 2998 sciet,
954 2907 1013 2982 sed
1030 2910 1203 2985 omnibus
1220 2928 1290 2982 ean

223 3008 392 3085 Ecclesris
411 3007 649 3083 admirandam
657 3008 832 3099 tradit&
849 3008 933 3080 ideo
951 3004 1056 3082 dicite
1083 3008 1216 3103 Quibus
1230 3032 1288 3080 non

217 3114 305 3205 solur
335 3134 385 3204 ego
408 3113 532 3202 gratias
556 3134 631 3201 ago,
653 3111 705 3194 scd
724 3105 763 3183 si
784 3134 841 3179 um
831 3108 939 3197 iversae
958 3106 1001 3179 Ec
999 3108 1095 3201 claſsa
1123 3112 1287 3183 Gontiana

221 3210 332 3287 Unda
353 3222 524 3301 apparet,
552 3228 618 3283 eos
642 3205 824 3282 officiosos
848 3207 882 3280 tr
903 3204 1096 3299 hospitales
1121 3208 1286 3285 exstitisse

212 3331 306 3407 ¹erga
320 3329 447 3383 omnes
462 3307 592 3382 fratrea
606 3302 755 3400 fideles,
780 3326 857 3381 non
876 3304 987 3380 solum
1003 3309 1064 3399 qui
1080 3328 1127 3379 ex
1144 3309 1287 3425 Judaeic,

219 3410 280 3487 sed
297 3408 402 3481 etiarn
423 3408 483 3499 qui
496 3428 541 3479 err
556 3406 735 3482 Gentibus
752 3404 989 3482 credidissent.
1040 3407 1179 3503 Magna
1197 3410 1287 3484 eninr

210 3511 334 3603 ‚gratia
354 3508 389 3579 in
409 3505 659 3599 hospitalitatis
677 3504 800 3580 officio
818 3526 896 3579 non
914 3503 1027 3580 solam
1045 3508 1139 3601 apud
1156 3506 1286 3595 Deum,

208 3608 281 3685 sed
298 3606 331 3679 dr
348 3607 441 3699 apud
457 3608 624 3679 homines
638 3608 833 3683 innectitur.
880 3607 971 3699 Quae
987 3618 1106 3680 tamen
1125 3627 1186 3681 res
1204 3627 1288 3699 quo·

219 3710 315 3782 niam
339 3720 416 3779 non
440 3705 555 3778 solurn
577 3708 613 3778 in
638 3708 833 3779 voluntate
854 3704 887 3777 tr
909 3705 1098 3798 proposrto
1122 3707 1289 3781 domino·

219 3828 323 3897 cunr,
349 3804 407 3878 sed
431 3806 465 3876 tc
484 3819 587 3908 grato
611 3825 651 3878 ac
667 3803 765 3878 fideli
782 3803 944 3878 constitit
961 3804 1160 3879 ministerio
1180 3804 1286 3883 samu·

204 3908 362 3993 ¹lorurn,
387 3906 524 3976 idcirco
542 3924 689 3995 omnes,
717 3926 776 3997 qur
766 3902 1018 3979 ministerium
1035 3905 1126 3979 istud
1143 3918 1227 3980 cunr
1241 3908 1287 3999 ip-

204 4006 256 4089 fia
279 4002 442 4087 fidenter
470 4004 604 4105 adnot
604 4006 741 4104 ebant,
762 4008 945 4103 domesticam
960 4029 1065 4107 cctam
1082 4009 1286 4087 nominavit

195 4113 390 4218 Ecclesiam.
1076 4168 1079 4175 .
1190 4128 1258 4199 an
