2825 4559
161 317 221 397 tm
251 311 427 393 rrrsr.
452 312 533 391 nn
559 283 918 430 tumtunm
940 310 1048 393 vnn
1099 332 1172 407 415
1250 247 1254 257 ¹
1292 308 1305 314 ·

89 473 223 561 ‘neusa
245 479 322 556 lraee
344 459 461 553 lsrail'
476 475 579 571 possit
603 474 766 572 intelligi.
825 472 946 549 Nobis
968 461 1078 574 igitur
1100 489 1171 570 pro
1296 531 1298 540 .

100 597 213 679 captu
229 577 345 655 sensus
363 575 475 652 nostri
491 580 540 649 ita
555 576 722 668 videtur,
748 573 992 667 quodomnea
1010 575 1173 667 Scriptu.

98 703 172 778 rat,
195 699 273 775 quae
298 693 382 752 ante
407 678 604 752 adventum
624 667 775 774 Domini
800 689 903 749 erant
926 678 1019 769 apud
1041 672 1171 770 lsrael,

101 784 239 880 (primis
265 780 360 854 enl'rn
387 780 454 848 iltis
480 780 599 849 credito
618 773 701 861 sunt
726 775 848 870 eloquio
873 778 960 867 Dei)
985 773 1172 880 &omne²

100 881 207 975 quod
220 877 419 974 appellatur
435 870 962 958 vemsrestmemummenn
979 872 1030 948 est
1045 872 1171 949 Israel:
1327 924 1335 944 ,

99 987 140 1056 in
159 999 228 1072 qua
243 974 361 1054 mensa
386 977 410 1051 st
429 978 506 1069 quis
526 975 678 1067 uolebat
700 972 810 1048 edere
824 976 979 1048 verbum
993 974 1084 1066 Dei,
1112 995 1174 1066 ap·

99 1075 227 1176 poiitls
243 1077 306 1152 srbi
323 1076 411 1182 legis
432 1074 745 1169 &Prophetarum
763 1072 986 1148 sermonibus
1004 1070 1174 1167 pasceba·
1299 1075 1302 1082 '

101 1195 175 1256 tur.
226 1176 275 1252 Et
290 1178 383 1252 hanc
400 1188 493 1272 puto
509 1173 580 1260 elie
596 1171 773 1267 mensam,
799 1173 845 1248 de
869 1191 938 1267 qua
961 1175 1048 1249 dicit
1071 1173 1173 1247 Salo·

88 1291 210 1356 ‘mont
227 1280 277 1350 ,δι’
290 1277 406 1368 sederis
426 1297 544 1347 canate
566 1277 607 1348 od
619 1271 756 1362 mensurni
772 1279 935 1370 potentis,
961 1274 1174 1366 intelligibili-

100 1396 154 1456 ter
172 1378 312 1470 intellige
327 1401 393 1472 qua
407 1389 612 1473 opponuntur
630 1374 709 1454 tibi,
734 1372 774 1450 ci
798 1377 892 1447 mitte
911 1367 1172 1467 manustram,

92 1481 212 1572 sciens,
231 1484 307 1575 quio
324 1477 406 1547 tasio
421 1492 452 1546 te
462 1496 579 1572 parare
592 1491 723 1570 oportet.
773 1471 898 1548 Sed&
920 1475 1089 1549 Salvator
1109 1476 1173 1551 ubi

98 1580 210 1654 dicit:
237 1580 316 1648 cim
336 1577 601 1647 manducaveritis
624 1573 825 1662 &biberitis
844 1576 1037 1662 admensuret
1051 1600 1172 1651 msam:
1238 1607 1242 1612 ·

101 1676 295 1770 quidaliud
314 1673 468 1750 mensam
483 1676 560 1767 eius
576 1674 827 1769 intelligimus,
853 1674 915 1747 nist
941 1676 1003 1748 ubl
1029 1675 1174 1772 dignos,
1287 1729 1291 1739 .

102 1775 140 1851 St
156 1797 235 1866 eos,
252 1779 311 1867 qui
331 1785 460 1869 capere
476 1771 622 1869 possunt
637 1775 789 1846 verbum
806 1771 985 1866 sapientie
1002 1777 1174 1854 &rerum

100 1872 309 1967 scientiam,
336 1869 477 1947 docet?
510 1875 596 1947 Hoc
612 1872 646 1945 dr
661 1875 698 1946 in
713 1872 920 1948 Proverbiis
936 1872 1110 1951 Salomon
1128 1878 1174 1952 de

99 1976 283 2071 Sapientia
309 1974 530 2067 protestatur
552 1974 695 2047 dicens:
727 1975 899 2070 Sapientia
923 1976 1097 2066 edeficavit
1116 1978 1175 2073 fibi

103 2079 228 2150 domum
237 2122 248 2163 ‚
268 2075 307 2151 si
321 2072 482 2170 supposuit
493 2075 607 2172 septem
623 2077 803 2172 columnas.-
830 2077 1011 2148 immolavit
1024 2074 1176 2150 nisiinter

96 2180 194 2270 ficar,
220 2175 344 2266 miscuit
362 2182 399 2244 in
416 2191 537 2246 cratere
553 2174 803 2265 trianensem,
829 2179 870 2251 U
888 2181 1021 2267 potavit
1041 2183 1177 2268 mensam

99 2279 204 2376 [uani.
230 2273 359 2350 Omnis
376 2295 463 2372 ergo
477 2274 661 2368 Scriptura
675 2272 793 2347 mensa
810 2275 862 2349 est
877 2274 1078 2369 Sapientia.
1104 2278 1177 2353 Sed

99 2377 311 2466 videamus,
339 2374 528 2465 quomodo
555 2375 649 2446 hanc
665 2372 819 2448 mensam
845 2387 927 2446 orat
950 2374 1072 2448 Dauid
1095 2376 1177 2452 lieri

103 2474 270 2551 Israelitis
286 2474 478 2548 incredulis
496 2474 532 2546 in
548 2470 741 2565 conspectu
756 2493 883 2548 eorum
902 2480 939 2545 in
954 2475 1115 2573 imarum,
1135 2480 1177 2555 (p
1315 2495 1334 2552 3

103 2581 143 2648 in
164 2580 358 2671 captionem,
386 2572 424 2649 (ὅ
448 2580 484 2643 in
494 2573 692 2663 sandalum,
719 2572 760 2647 ἐπ
776 2574 1079 2658 inundationem.
1115 2574 1177 2652 Fit
1202 2638 1207 2649 ,

105 2676 159 2750 eis
178 2675 214 2748 in
228 2677 393 2765 laqueum
413 2671 757 2767 scripturalium,
786 2693 865 2748 cum
881 2673 1008 2769 legunt
1025 2697 1079 2768 ea,
1097 2697 1178 2770 quae

107 2776 154 2851 de
176 2773 320 2848 Christo
344 2774 564 2867 prophetata
590 2771 690 2847 sunt:
734 2777 800 2845 Hic
821 2773 986 2865 edificabit
1009 2781 1178 2850 ciuitatem

105 2883 225 2962 meam,
250 2873 289 2949 θ
306 2879 527 2968 captivitatem
541 2875 650 2969 pepuli
668 2881 729 2941 mei
746 2881 935 2946 subvertet:
970 2873 1008 2949 ὰ
1030 2877 1177 2973 dicunt,
1264 2929 1266 2935 -
1292 2933 1297 2946 ,

104 2982 184 3050 riou
203 2966 272 3050 ess'e
289 2963 365 3048 h'aec
383 2971 446 3045 sub
461 2972 541 3068 lesu
558 2975 750 3065 completa.
801 2973 934 3067 Neque
951 2979 1050 3052 enim'
1069 2973 1179 3053 aedifi·

103 3078 226 3162 cavit,
244 3073 364 3169 ajunt,
386 3074 571 3146 civitatem
588 3071 679 3165 Dei,
706 3094 827 3167 neque
837 3075 1093 3170 captivitatem
1110 3076 1180 3174 po·

109 3177 186 3270 puli
206 3174 411 3248 revocavit.
464 3173 535 3246 Sed
558 3174 635 3246 haec
657 3174 809 3265 dicunt,
837 3175 918 3266 qula
943 3170 1107 3249 sedentes
1133 3178 1179 3251 ad

90 3271 262 3352 'mensam
288 3274 450 3368 potentis
479 3291 556 3345 non
580 3272 718 3345 iaciunt
736 3273 844 3365 illud,
871 3273 969 3365 quod
991 3274 1179 3352 admonuit

103 3373 301 3470 Salomon,
336 3387 377 3445 ut
398 3372 670 3469 intelligibiliter
694 3372 894 3468 intelligant
915 3393 992 3463 quae
1016 3375 1178 3470 apposita
1244 3367 1246 3372 ’

104 3467 186 3550 sunt
203 3475 266 3548 eis.
318 3468 409 3546 Non
428 3474 522 3544 enim
541 3472 728 3546 vistbiliter
743 3472 841 3564 hmo,
868 3470 927 3543 sed
946 3475 1178 3572 intelligibili·

104 3589 178 3666 ter,
195 3574 268 3646 hoc
288 3570 351 3664 est,
364 3569 563 3665 spiritaliter
576 3567 733 3644 facturus
751 3572 987 3669 prophetatus
1006 3568 1058 3647 est
1072 3571 1178 3649 Chri·
1304 3580 1307 3585 ’

104 3665 192 3749 stus.
237 3672 332 3747 Nam
353 3665 545 3743 aedisrcavit
562 3690 652 3742 vete
669 3672 855 3743 civitatem
877 3669 965 3759 Dei,
991 3666 1050 3747 sed
1066 3693 1113 3748 err
1129 3677 1181 3749 la·

105 3774 251 3869 pidibus
265 3772 394 3866 piris,
422 3772 610 3859 exquibus
633 3767 815 3844 suscitavit
829 3765 923 3844 filios
941 3766 1115 3863 Abrahae,
1143 3776 1178 3848 dt

106 3875 153 3948 e'x
169 3873 249 3964 ipsis
267 3867 461 3942 aedificavit
480 3867 673 3942 Ecclesiam
693 3867 783 3965 Dei;
809 3869 843 3942 bt
861 3875 1048 3946 convertit
1065 3874 1181 3967 capti·

106 3976 260 4049 vitatem
277 3972 426 4067 populi,
451 3987 592 4067 eorum,
611 3987 704 4064 quos
718 3971 758 4046 in
772 3971 931 4067 peccatis
950 3985 1079 4070 captos
1095 3972 1179 4048 Dia·

1022 4072 1142 4148 bolus
