2825 4559
95 246 97 249 ⁴
151 254 267 402 'sno
355 293 656 377 onrnnnls.
687 268 1097 381 commnnrnn.

88 497 107 548 μ
200 415 396 541 secundum
408 460 495 535 illud
512 465 610 555 quod
628 435 795 558 scriptum
814 464 885 539 est:
911 458 1034 563 Septies
1051 468 1138 539 codes
1153 467 1287 566 jussus,

202 563 400 656 &resurgen
428 562 630 640 &iterumz
657 570 738 639 Nosr'
753 567 835 635 missi
854 558 1028 655 insultare,
1054 572 1181 641 inimico
1194 593 1278 655 mec,

89 741 100 760 χ
203 692 278 765 quea
292 666 404 734 cecidi:
429 663 467 740 θ
489 666 666 761 resurgam:
694 667 728 739 δι
754 666 945 741 secundum
974 666 1071 758 quod
1098 668 1274 762 Jeremias

203 767 312 841 dicit:
340 766 508 860 Numquid
524 763 583 862 'qus
600 768 705 857 codis,
729 791 794 837 non
810 760 955 863 adjiciet,
972 785 1008 838 us
1027 763 1189 861 resurgat?
1215 786 1276 840 out

206 871 262 963 qus
279 864 408 952 aversus·
426 866 483 961 ιβ,
506 889 573 938 nou
586 862 816 960 conversetur?
862 866 933 941 Sed
948 869 982 941 dc
997 867 1068 962 Job
1087 868 1132 940 de
1151 866 1279 943 semet·

94 1045 107 1064 ,
205 966 284 1061 ipso
301 964 409 1038 dicit:
453 958 602 1062 Tempore
621 967 784 1064 constituto
803 986 954 1063 porosum
980 974 1019 1065 ess
1040 975 1069 1038 ei
1091 970 1195 1039 rodere
1221 971 1278 1055 sub

105 1089 108 1094 ’
205 1070 299 1153 ossio,
313 1063 364 1141 ‚s‘s
379 1067 502 1136 domum
516 1073 581 1163 ejus
597 1070 696 1165 sir'o'po·
710 1070 747 1140 ob
765 1068 898 1137 olienis:
925 1067 1159 1159 &sn-quarto
1176 1068 1278 1166 Reg-

204 1175 337 1243 norum
353 1166 448 1240 libro
464 1163 630 1260 scriptum
649 1164 720 1240 este
749 1165 869 1242 Ceciiso't
894 1169 1053 1241 Euchios
1077 1168 1114 1239 os
1136 1168 1276 1241 esoroono

203 1270 305 1340 coedis
319 1260 377 1349 sui.
402 1264 451 1338 Et
468 1287 595 1340 omnes
611 1266 648 1340 hi
665 1262 785 1360 casus,
811 1267 857 1340 de
871 1268 998 1359 quib'us
1015 1267 1052 1339 in
1068 1265 1276 1360 suprodisiis

205 1366 429 1458 sermonibus
458 1364 677 1457 scripturam
702 1366 950 1460 pronunciasse
975 1371 1276 1463 memoravimus,

204 1460 341 1542 haberit
358 1467 481 1557 utique
494 1464 810 1559 resurrestionem,
837 1467 871 1539 dc
896 1467 1034 1563 averso
1061 1486 1189 1542 eorum
1212 1468 1275 1542 hn-

123 1655 125 1659 μ
206 1569 275 1640 bet
293 1565 582 1643 conversorem.
600 1609 608 1627 ι
625 1567 664 1639 in
682 1566 844 1661 praescnti
863 1586 955 1642 vero
973 1568 1153 1659 capituto,
1181 1568 1279 1659 quasi

102 1721 131 1764 ·.
172 1722 174 1728 -
205 1667 320 1740 sciens
340 1655 562 1758 Apostolus,
586 1668 668 1759 quie
691 1666 716 1740 st
740 1663 966 1756 cecidissent,
992 1663 1176 1761 resurgere
1200 1687 1279 1743 om·

206 1770 297 1841 nino
316 1786 391 1837 non
410 1761 655 1858 possent,.ita
678 1767 786 1863 neges
812 1788 877 1840 eos
901 1763 1080 1851 cecidisse,
1111 1766 1143 1836 dr
1169 1767 1280 1841 valde

165 1897 168 1909 ·
207 1864 353 1941 excusat
370 1867 491 1957 ineo,
518 1865 616 1958 quod
634 1866 739 1938 dicit:
766 1870 930 1962 Numquis
940 1869 980 1953 fic
995 1867 1212 1957 offenderunt,
1240 1884 1282 1938 ur

205 1960 376 2037 roderent?
403 1966 500 2052 Assio.
552 1964 613 2036 Ne
630 1964 727 2048 sorte
743 1985 831 2061 ergo
858 1966 901 2037 ad
916 1967 1022 2038 alium
1041 1963 1156 2039 casum
1172 1964 1280 2058 respi-

206 2067 306 2139 ciens
323 2061 546 2154 Apostolus,
574 2060 678 2135 Israel
700 2064 895 2137 excuset&
912 2068 1070 2170 obneget
1088 2064 1279 2156 cecidisse3

93 2164 100 2174 '
207 2168 311 2255 illum
326 2160 492 2255 sortasse,
519 2164 564 2234 de
587 2183 659 2253 quo
682 2164 826 2237 dicebat
849 2163 1028 2241 Dominus
1053 2163 1280 2254 &Salvator

105 2329 109 2342 .
204 2263 352 2353 noster,
378 2265 460 2353 quia
476 2262 619 2334 videbam
637 2261 795 2336 Sarouon
805 2264 1006 2359 ficussulgur
1022 2261 1154 2355 cocioiffo
1170 2266 1206 2336 de
1220 2292 1279 2336 coe·

201 2367 259 2437 so.-
285 2360 345 2435 sed
364 2357 396 2433 dr
412 2365 534 2457 illurn,
563 2366 607 2435 de
628 2384 701 2454 quo
720 2362 835 2437 Esaias
857 2364 962 2437 dicit:
987 2368 1146 2458 Quomodo
1166 2369 1280 2438 cecidit

205 2469 242 2537 de
256 2466 325 2534 colo
344 2462 499 2553 Luctser,
526 2466 582 2557 qus
598 2487 687 2533 mone
704 2458 891 2535 oriebatur?
922 2466 993 2537 Hic
1008 2458 1174 2559 ergo'tnli
1192 2464 1278 2538 casu

183 2560 497 2659 negor-cecidisse
514 2561 629 2638 lsrael.
656 2562 803 2637 Illorum
824 2565 917 2636 enim
936 2567 995 2637 vel
1015 2567 1051 2636 in
1067 2560 1139 2636 fine
1155 2561 1276 2639 saecusi

95 2661 100 2668 “
206 2662 403 2762 conversio
432 2665 500 2735 erit
528 2673 635 2749 tunc,
663 2683 743 2736 cum
761 2664 952 2757 plenitudo
968 2663 1141 2737 Gentium
1158 2662 1279 2739 subin·

113 2829 115 2834 .
147 2803 150 2812 ·
205 2767 380 2852 traverit,
408 2761 440 2831 or
468 2762 586 2836 omnis
613 2760 717 2834 lsrael
744 2764 859 2835 solvus
887 2760 970 2835 fiet:
1005 2762 1102 2835 istius
1129 2779 1276 2857 autem,

88 2861 91 2867 ’
135 2914 139 2924 .
205 2865 265 2956 qui
284 2863 328 2933 de
345 2862 440 2931 coeio
459 2856 625 2933 cecidisse
639 2860 791 2955 dicitur,
817 2863 945 2935 necin
969 2859 1042 2935 fine
1066 2859 1182 2935 saecusi
1207 2866 1280 2939 erit

104 2977 117 3044 ,·
191 2963 275 3057 ulla
296 2958 500 3033 conversio,
551 2959 661 3032 Hunc
687 2964 783 3035 enim
810 2960 946 3054 casum,
979 2983 1084 3052 quem
1111 2960 1275 3056 superius

88 3053 101 3102 s
203 3062 380 3146 diximus,
408 3056 442 3128 id
459 3055 531 3149 est,
545 3060 582 3130 in
600 3081 673 3150 quo
689 3065 747 3152 qui
766 3062 870 3134 cadet
886 3062 1026 3153 adjiciet
1043 3079 1083 3134 ut
1100 3060 1277 3159 resurgat,

166 3167 173 3185 '
199 3159 347 3238 similem
366 3153 435 3230 esse
449 3157 555 3250 huic,
584 3179 687 3251 quem
704 3162 740 3231 in
757 3159 832 3251 ipso
851 3162 939 3234 ioco
954 3160 1192 3246 offensionem
1206 3184 1276 3237 no·

198 3256 323 3342 minat,
339 3262 587 3348 advertamus,
616 3258 771 3348 &quem
788 3259 953 3336 desirium
973 3264 1145 3355 appellat:
1172 3261 1276 3352 quod

146 3371 163 3408 ·'
196 3353 285 3436 mihi
302 3339 374 3431 tase
391 3357 534 3430 videtur
551 3355 630 3431 esse.
659 3357 692 3429 Si
714 3360 858 3448 quondo
872 3357 984 3449 jostus
1001 3364 1037 3435 in
1054 3380 1128 3436 uno
1147 3363 1272 3453 aliquo

143 3461 147 3468 '
197 3459 336 3534 vistus.
362 3459 464 3528 verbi
486 3456 606 3549 causa,
634 3460 694 3530 vel
713 3460 747 3531 in
768 3458 959 3555 fragilitate
975 3464 1104 3543 carnis,
1118 3462 1178 3533 vel
1197 3462 1271 3535 asio

140 3585 147 3654 j
198 3560 366 3652 quolibet
381 3551 510 3629 desihio
530 3560 722 3648 ceciderit,
750 3579 827 3631 non
853 3573 970 3632 tamen
995 3563 1079 3634 ideo
1105 3561 1147 3631 ab
1170 3562 1271 3636 omni

165 3701 181 3747 „o
193 3657 284 3753 legis
303 3656 533 3731 observantia
551 3655 762 3746 discesserit,
790 3658 847 3731 sed
861 3658 1028 3749 justitiam
1044 3673 1184 3745 teneat,
1203 3663 1271 3735 mi·

188 3753 421 3854 sericordiam
441 3757 559 3847 colet,
586 3753 712 3848 sidem,
741 3759 931 3849 pietatem,
958 3761 1267 3837 mansuetudinem

184 3852 327 3934 servet.
357 3856 389 3927 dr
414 3858 529 3951 segem
548 3855 619 3933 Dei
644 3857 806 3932 meditari
828 3880 902 3931 non
919 3862 1108 3956 negligam„
1123 3856 1170 3933 d'e
1188 3861 1265 3935 hoc

88 3999 106 4060 3¹-
133 4011 136 4016 .
169 3954 370 4054 opossumus
392 3955 639 4058 dicerehqttia
659 3955 828 4056 Numquid
842 3955 1033 4057 ficoffensrs
1057 3975 1096 4035 us
1112 3959 1266 4132 rediret?
