2825 4559
228 281 338 423 300²
392 325 673 409 ourouurs
703 313 1123 413 cornutum.
1169 435 1172 440 ¹

225 486 396 567 cendum.
443 490 525 586 'Ipsa
547 492 599 568 est
615 514 727 590 engo,
753 497 941 589 perquam
963 496 1152 594 cognoscit
1173 497 1291 575 bomo

225 601 418 682 peccatum
434 591 547 670 suum.
564 587 588 696 J
600 596 738 690 Aperte
758 595 816 696 bip
834 600 1036 673 natutaiern
1061 599 1174 695 legem
1201 600 1303 673 dicit¹

226 687 363 804 tamdiu
376 681 531 788 ignorari
552 698 712 789 anobis,
732 698 897 791 quamdiu
913 700 1026 772 eterit
1044 697 1209 790 processu
1224 719 1283 772 no·

227 807 386 868 venimus
402 793 499 866 iriter
515 799 652 871 bonum
673 797 849 872 &malum
868 796 1089 879 discernere,
1115 800 1184 873 &a
1203 818 1292 873 coo·

225 892 372 967 scientia
388 895 508 969 nostra
526 898 750 974 audierimus.
802 895 981 989 Loquitur
995 899 1089 972 eninr
1137 901 1221 997 obis
1239 898 1293 985 in-

103 1079 112 1106 ⁴
148 1055 151 1060 -
184 1027 198 1093 j
225 1005 280 1071 isa
297 994 574 1090 conscientiam,
602 998 758 1088 &dicitt
789 1001 1079 1092 Noncencuprscer.
1111 921 1184 1073 geri
1202 1018 1293 1090 quo·

225 1095 319 1171 niam
337 1117 413 1169 non
432 1096 581 1189 semper,
590 1117 659 1169 nec
677 1097 713 1171 in
734 1099 839 1172 initio
860 1113 903 1171 ut
920 1098 1075 1182 nascitur
1091 1099 1220 1189 bomo,
1232 1100 1293 1171 lex

92 1203 95 1208 ’
224 1199 288 1272 ista
306 1200 491 1273 invenitur
511 1199 547 1270 in
561 1198 736 1288 bomine,
763 1197 820 1271 sed
841 1200 1074 1291 aliquamdiu,
1101 1200 1184 1273 doru
1204 1211 1291 1271 aetaa

224 1300 386 1375 nondum
410 1300 565 1394 petitur,
594 1298 665 1370 sine
686 1298 752 1372 bac
769 1299 848 1394 lege
865 1303 1027 1392 vivitur,
1048 1301 1137 1373 sicut
1159 1297 1192 1372 br
1216 1295 1293 1393 ipse

127 1463 130 1468 .
206 1399 354 1474 Paulus
374 1398 528 1487 fatetur,
550 1398 609 1490 qui
636 1397 742 1472 dicit:
781 1399 964 1499 Egoonram
984 1399 1131 1469 vivebam
1144 1398 1213 1493 fine
1230 1401 1293 1494 lege

122 1527 127 1533 ·
224 1501 413 1597 aliquando,
440 1500 485 1570 in·
501 1497 567 1570 illo
594 1511 782 1594 tempore,
809 1519 883 1589 quo
909 1499 982 1574 stne
1009 1502 1088 1595 iege
1112 1500 1292 1591 viximus,

223 1596 552 1692 concupiscentiam
569 1596 824 1671 nesciebamus.
877 1597 967 1676 Non
981 1600 1089 1676 dixit:
1116 1598 1207 1672 Non
1229 1598 1290 1671 ba·

222 1704 374 1788 bebam3
401 1696 460 1772 sed
484 1699 552 1769 ait:
579 1697 780 1786 Nostrum,
805 1711 975 1792 tanquam
999 1720 1075 1792 que
1101 1696 1188 1772 esset
1213 1699 1291 1789 qui·

160 1811 163 1816 '
222 1801 325 1892 dem,
351 1801 578 1894 ignoraretur
599 1813 740 1890 tamen,
767 1798 866 1889 quod
882 1798 969 1872 esset
985 1796 1291 1892 concupiscentie.

222 1897 298 1973 Ubi
310 1914 433 1971 eutem
451 1900 554 1969 venit
571 1900 685 1989 ratio,
711 1897 816 1978 &lex
832 1901 1001 1974 naturalis
1025 1902 1146 1974 locum
1168 1897 1207 1970 in
1223 1916 1292 1970 no·

221 1999 278 2072 bis
303 1995 468 2091 processu
489 1997 601 2069 aetatis
623 1997 787 2087 invenit,
814 1998 949 2074 docere
968 2003 1035 2072 nos
1056 2000 1187 2094 coepit,
1213 2015 1293 2088 quae

224 2096 338 2172 effecit
352 2101 470 2184 bona,
497 2095 739 2188 &probibere
755 2119 773 2169 a
789 2099 898 2174 maiia..
927 2097 1016 2172 Haec
1036 2117 1123 2195 ergo
1141 2097 1225 2178 duro
1240 2097 1291 2172 di·

226 2198 295 2284 cit,
323 2203 404 2271 Non
420 2199 624 2291 concupisces,
653 2200 752 2288 quod
766 2212 850 2286 ante
865 2197 1131 2289 nesciebamus,
1157 2194 1293 2289 abipsa

223 2299 408 2371 didicimus
430 2297 555 2369 malam
573 2294 642 2370 effe
661 2296 1003 2389 concupiscentiam.
1059 2296 1214 2396 Occasione
1231 2322 1291 2367 aa·

224 2417 288 2469 tem
311 2418 449 2495 occepta,
481 2411 638 2488 peccatum
661 2419 717 2492 per
738 2399 922 2468 mandarum
946 2397 1161 2494 operarumefl
1186 2402 1223 2465 in
1245 2420 1294 2467 rna.

131 2490 137 2498 ⁸
223 2523 342 2570 omnem
361 2498 646 2608 concupfimiiam.
695 2499 776 2569 Lex
803 2498 882 2590 illa,
909 2498 953 2570 de
980 2518 1049 2591 qua
1075 2499 1181 2588 dicit,
1209 2493 1292 2588 qui!

196 2626 199 2631 '
223 2603 502 2698 concupiscentiam
522 2598 707 2691 nesciebam,
734 2599 795 2693 ur'fi
813 2600 864 2668 lex
880 2601 1012 2671 diceret:
1040 2603 1121 2671 Non
1140 2596 1294 2691 concuprfi

221 2727 287 2784 ces,
315 2701 385 2788 ipsa
403 2700 509 2771 etiam
525 2699 729 2771 mandatum
751 2700 962 2793 appellatur.
990 2697 1054 2771 Ait
1070 2716 1180 2795 ergo,
1207 2696 1291 2788 quia

222 2801 414 2874 occasione
431 2797 585 2869 mundari
606 2799 731 2887 hujus,
760 2819 827 2888 qua
850 2797 1104 2890 concupiscere
1121 2797 1291 2891 probibe-

220 2920 320 2991 mur,
348 2913 535 2990 peccatum
550 2900 801 2971 uehementius
820 2897 947 2971 exarbt
964 2897 1142 2990 innubis,
1162 2895 1291 2971 &omo

220 3020 304 3074 nem
324 3012 512 3089 operatum
533 2993 582 3067 est
603 2997 761 3068 innubis
780 2997 1121 3090 concupiscentiam.
1172 2994 1213 3071 ln
1239 3015 1290 3070 eo

220 3119 394 3193 namque²
421 3099 457 3169 in
475 3115 555 3185 quo·
571 3094 796 3188 concupiscit
813 3116 899 3170 caro
923 3095 1091 3171 adversus
1111 3093 1302 3194 spiritum:

219 3200 256 3272 id
283 3198 348 3272 est⁴
380 3194 546 3269 adversor
574 3196 707 3291 legem,
738 3217 815 3289 quae
842 3197 949 3269 dicit:
978 3201 1056 3269 Non
1082 3196 1285 3294 concupisces,

220 3302 327 3373 etiarn
344 3295 548 3370 adversatur
562 3296 616 3384 ei,
644 3296 677 3368 o
694 3311 875 3371 certamen
893 3291 1162 3386 quodammodo
1177 3295 1286 3391 gerit,

218 3416 261 3472 ut
287 3419 363 3472 non
391 3399 503 3470 soiom
528 3394 831 3487 concupiscentie
855 3394 1064 3487 satisfaciat,
1091 3394 1151 3470 sed
1177 3396 1287 3469 etiam

218 3498 457 3572 adversarium
475 3497 610 3573 vincat.
644 3494 732 3569 Hoc
750 3495 800 3569 est
817 3515 905 3591 ergo
922 3496 1088 3587 occasio,
1116 3515 1220 3586 quam
1238 3493 1290 3572 di·

217 3604 270 3670 cit
287 3601 414 3670 venire
429 3618 475 3668 ex
489 3597 671 3670 mandato.
709 3594 844 3668 Nescio
862 3616 934 3685 quo
951 3597 1086 3670 etenim
1102 3593 1209 3687 patio
1226 3613 1285 3682 ea,

218 3702 297 3788 quei
323 3697 581 3793 probibentur,
607 3696 790 3768 ardentius
816 3695 1080 3782 desiderantum
1117 3693 1263 3768 &ideo

217 3817 300 3874 com
315 3796 518 3873 mandatum
533 3791 740 3887 sandiunn&
747 3793 931 3889 justum&
948 3798 1083 3868 bonum
1099 3793 1154 3881 iit,
1170 3745 1288 3882 (quod

215 3901 311 3973 eninr
338 3898 507 3990 probibet
532 3897 685 3988 malum,
712 3893 909 3970 necessario
935 3897 1070 3968 bonum
1098 3892 1170 3988 est)
1196 3892 1282 3966 dum

204 3997 447 4093 probibendo
463 3995 792 4094 concupiscentiam
814 3997 923 4094 magia
947 4015 1025 4070 enm
1044 4006 1230 4165 provoouot
1246 3991 1282 4064 dr
