<?xml version="1.0" encoding="UTF-8"?>
<!DOCTYPE html PUBLIC "-//W3C//DTD XHTML 1.0 Transitional//EN"
    "http://www.w3.org/TR/xhtml1/DTD/xhtml1-transitional.dtd">
<html xmlns="http://www.w3.org/1999/xhtml" xml:lang="en" lang="en">
 <head>
  <title>
</title>
<meta http-equiv="Content-Type" content="text/html;charset=utf-8" />
  <meta name='ocr-system' content='tesseract 3.04.00' />
  <meta name='ocr-capabilities' content='ocr_page ocr_carea ocr_par ocr_line ocrx_word'/>
</head>
<body>
  <div class='ocr_page' id='page_1' title='image "./operaomniasanct12unkngoog_0280.png"; bbox 0 0 2825 4559; ppageno 0'>
   <div class='ocr_carea' id='block_1_1' title="bbox 159 253 1187 428">
    <p class='ocr_par' dir='ltr' id='par_1_1' title="bbox 159 253 1187 428">
     <span class='ocr_line' id='line_1_1' title="bbox 159 253 1187 428; baseline 0.007 -49"><span class='ocrx_word' id='word_1_1' title='bbox 159 253 161 258; x_wconf 36' lang='lat'><strong>⁴</strong></span> <span class='ocrx_word' id='word_1_2' title='bbox 229 308 302 380; x_wconf 64' lang='lat' dir='ltr'>aas</span> <span class='ocrx_word' id='word_1_3' title='bbox 335 253 338 262; x_wconf 76' lang='grc'>’</span> <span class='ocrx_word' id='word_1_4' title='bbox 376 268 694 428; x_wconf 82' lang='lat' dir='ltr'>-ontonnts</span> <span class='ocrx_word' id='word_1_5' title='bbox 718 253 1141 393; x_wconf 68' lang='lat' dir='ltr'>,contuentem</span> <span class='ocrx_word' id='word_1_6' title='bbox 1180 256 1187 386; x_wconf 69' lang='lat' dir='ltr'>s</span> 
     </span>
    </p>
   </div>
   <div class='ocr_carea' id='block_1_2' title="bbox 144 453 1314 563">
    <p class='ocr_par' dir='ltr' id='par_1_2' title="bbox 144 453 1314 563">
     <span class='ocr_line' id='line_1_2' title="bbox 144 453 1314 563; baseline 0.003 -21"><span class='ocrx_word' id='word_1_7' title='bbox 144 559 147 563; x_wconf 21' lang='grc' dir='ltr'>Ι</span> <span class='ocrx_word' id='word_1_8' title='bbox 219 494 297 562; x_wconf 43' lang='lat' dir='ltr'>,cum</span> <span class='ocrx_word' id='word_1_9' title='bbox 316 467 460 563; x_wconf 63' lang='lat' dir='ltr'>chrisio,</span> <span class='ocrx_word' id='word_1_10' title='bbox 486 485 553 562; x_wconf 88' lang='lat' dir='ltr'>per</span> <span class='ocrx_word' id='word_1_11' title='bbox 579 467 656 541; x_wconf 86' lang='lat' dir='ltr'>haec</span> <span class='ocrx_word' id='word_1_12' title='bbox 681 465 838 561; x_wconf 81' lang='lat' dir='ltr'>seilicet,</span> <span class='ocrx_word' id='word_1_13' title='bbox 866 489 946 559; x_wconf 82' lang='lat' dir='ltr'>quae</span> <span class='ocrx_word' id='word_1_14' title='bbox 964 468 1119 561; x_wconf 89' lang='lat' dir='ltr'>superius</span> <span class='ocrx_word' id='word_1_15' title='bbox 1140 453 1314 545; x_wconf 84' lang='lat' dir='ltr'>ostendi·-</span> 
     </span>
    </p>
   </div>
   <div class='ocr_carea' id='block_1_3' title="bbox 88 567 1340 4159">
    <p class='ocr_par' dir='ltr' id='par_1_3' title="bbox 88 567 1340 4159">
     <span class='ocr_line' id='line_1_3' title="bbox 227 567 1296 670; baseline 0 -24"><span class='ocrx_word' id='word_1_16' title='bbox 227 591 328 663; x_wconf 80' lang='lat' dir='ltr'>mus,</span> <span class='ocrx_word' id='word_1_17' title='bbox 351 572 522 656; x_wconf 83' lang='lat' dir='ltr'>credimus,</span> <span class='ocrx_word' id='word_1_18' title='bbox 553 574 628 664; x_wconf 76' lang='lat' dir='ltr'>quia</span> <span class='ocrx_word' id='word_1_19' title='bbox 644 567 907 670; x_wconf 61' lang='lat' dir='ltr'>&amp;conuiuarum</span> <span class='ocrx_word' id='word_1_20' title='bbox 921 575 961 644; x_wconf 86' lang='lat' dir='ltr'>ei.</span> <span class='ocrx_word' id='word_1_21' title='bbox 1005 569 1095 644; x_wconf 90' lang='lat' dir='ltr'>Non</span> <span class='ocrx_word' id='word_1_22' title='bbox 1111 571 1218 643; x_wconf 80' lang='lat' dir='ltr'>dixit:</span> <span class='ocrx_word' id='word_1_23' title='bbox 1246 570 1296 646; x_wconf 80' lang='lat' dir='ltr'>Et</span> 
     </span>
     <span class='ocr_line' id='line_1_4' title="bbox 218 667 1296 764; baseline -0.004 -20"><span class='ocrx_word' id='word_1_24' title='bbox 218 667 483 754; x_wconf 55' lang='lat' dir='ltr'>‘conviximtm</span> <span class='ocrx_word' id='word_1_25' title='bbox 503 668 593 751; x_wconf 80' lang='lat' dir='ltr'>ficut</span> <span class='ocrx_word' id='word_1_26' title='bbox 616 667 730 741; x_wconf 79' lang='lat' dir='ltr'>dixit:</span> <span class='ocrx_word' id='word_1_27' title='bbox 757 674 892 748; x_wconf 78' lang='lat' dir='ltr'>Mortui</span> <span class='ocrx_word' id='word_1_28' title='bbox 911 672 1039 764; x_wconf 50' lang='lat' dir='ltr'>sumu&amp;</span> <span class='ocrx_word' id='word_1_29' title='bbox 1066 669 1146 764; x_wconf 85' lang='lat' dir='ltr'>sed,</span> <span class='ocrx_word' id='word_1_30' title='bbox 1174 675 1296 762; x_wconf 82' lang='lat' dir='ltr'>Cpnoi·</span> 
     </span>
     <span class='ocr_line' id='line_1_5' title="bbox 226 765 1340 866; baseline 0 -25"><span class='ocrx_word' id='word_1_31' title='bbox 226 783 364 864; x_wconf 74' lang='lat' dir='ltr'>otmar,</span> <span class='ocrx_word' id='word_1_32' title='bbox 383 782 424 839; x_wconf 88' lang='lat' dir='ltr'>ut</span> <span class='ocrx_word' id='word_1_33' title='bbox 437 765 624 860; x_wconf 83' lang='lat' dir='ltr'>ostendat,</span> <span class='ocrx_word' id='word_1_34' title='bbox 651 769 740 862; x_wconf 88' lang='lat' dir='ltr'>quia.</span> <span class='ocrx_word' id='word_1_35' title='bbox 756 790 854 858; x_wconf 84' lang='lat' dir='ltr'>mors</span> <span class='ocrx_word' id='word_1_36' title='bbox 876 771 912 842; x_wconf 91' lang='lat' dir='ltr'>in</span> <span class='ocrx_word' id='word_1_37' title='bbox 929 768 1090 866; x_wconf 81' lang='lat' dir='ltr'>praesenti</span> <span class='ocrx_word' id='word_1_38' title='bbox 1106 786 1294 866; x_wconf 75' lang='lat' dir='ltr'>operatur,</span> <span class='ocrx_word' id='word_1_39' title='bbox 1334 806 1340 816; x_wconf 86' lang='lat'>.</span> 
     </span>
     <span class='ocr_line' id='line_1_6' title="bbox 226 867 1293 965; baseline 0 -24"><span class='ocrx_word' id='word_1_40' title='bbox 226 874 303 944; x_wconf 85' lang='lat' dir='ltr'>vita</span> <span class='ocrx_word' id='word_1_41' title='bbox 317 882 434 941; x_wconf 86' lang='lat' dir='ltr'>autem</span> <span class='ocrx_word' id='word_1_42' title='bbox 449 867 486 939; x_wconf 90' lang='lat' dir='ltr'>in</span> <span class='ocrx_word' id='word_1_43' title='bbox 506 867 653 962; x_wconf 88' lang='lat' dir='ltr'>futuro,</span> <span class='ocrx_word' id='word_1_44' title='bbox 680 882 768 942; x_wconf 89' lang='lat' dir='ltr'>tnnc</span> <span class='ocrx_word' id='word_1_45' title='bbox 784 868 948 960; x_wconf 81' lang='lat' dir='ltr'>scilicet,</span> <span class='ocrx_word' id='word_1_46' title='bbox 966 894 1034 939; x_wconf 84' lang='lat' dir='ltr'>cum</span> <span class='ocrx_word' id='word_1_47' title='bbox 1062 870 1203 965; x_wconf 71' lang='lat' dir='ltr'>euripus</span> <span class='ocrx_word' id='word_1_48' title='bbox 1226 896 1293 954; x_wconf 48' lang='lat' dir='ltr'>ma,-</span> 
     </span>
     <span class='ocr_line' id='line_1_7' title="bbox 225 966 1335 1066; baseline 0.002 -28"><span class='ocrx_word' id='word_1_49' title='bbox 225 970 397 1066; x_wconf 71' lang='lat' dir='ltr'>nifeslatus</span> <span class='ocrx_word' id='word_1_50' title='bbox 417 966 545 1058; x_wconf 80' lang='lat' dir='ltr'>fuerit,</span> <span class='ocrx_word' id='word_1_51' title='bbox 578 973 633 1066; x_wconf 78' lang='lat' dir='ltr'>qui</span> <span class='ocrx_word' id='word_1_52' title='bbox 660 968 699 1064; x_wconf 78' lang='lat' dir='ltr'>eft</span> <span class='ocrx_word' id='word_1_53' title='bbox 725 975 798 1041; x_wconf 79' lang='lat' dir='ltr'>vito</span> <span class='ocrx_word' id='word_1_54' title='bbox 820 970 925 1065; x_wconf 73' lang='lat' dir='ltr'>nossra</span> <span class='ocrx_word' id='word_1_55' title='bbox 945 971 1120 1059; x_wconf 72' lang='lat' dir='ltr'>abscondita</span> <span class='ocrx_word' id='word_1_56' title='bbox 1143 976 1181 1041; x_wconf 81' lang='lat' dir='ltr'>in</span> <span class='ocrx_word' id='word_1_57' title='bbox 1210 977 1291 1048; x_wconf 83' lang='lat' dir='ltr'>Deo.</span> <span class='ocrx_word' id='word_1_58' title='bbox 1333 971 1335 976; x_wconf 78' lang='grc'><strong>’</strong></span> 
     </span>
     <span class='ocr_line' id='line_1_8' title="bbox 157 1064 1290 1168; baseline -0.001 -26"><span class='ocrx_word' id='word_1_59' title='bbox 157 1099 159 1104; x_wconf 95' lang='grc'><strong><em>·</em></strong></span> <span class='ocrx_word' id='word_1_60' title='bbox 203 1113 206 1118; x_wconf 76' lang='lat'>,</span> <span class='ocrx_word' id='word_1_61' title='bbox 224 1071 336 1145; x_wconf 86' lang='lat' dir='ltr'>Nunc</span> <span class='ocrx_word' id='word_1_62' title='bbox 353 1067 420 1157; x_wconf 76' lang='lat' dir='ltr'>ergo</span> <span class='ocrx_word' id='word_1_63' title='bbox 433 1064 577 1160; x_wconf 86' lang='lat' dir='ltr'>(utipse</span> <span class='ocrx_word' id='word_1_64' title='bbox 593 1066 721 1140; x_wconf 85' lang='lat' dir='ltr'>Paulus</span> <span class='ocrx_word' id='word_1_65' title='bbox 738 1069 864 1159; x_wconf 86' lang='lat' dir='ltr'>docet)</span> <span class='ocrx_word' id='word_1_66' title='bbox 880 1095 963 1139; x_wconf 82' lang='lat' dir='ltr'>mors</span> <span class='ocrx_word' id='word_1_67' title='bbox 977 1076 1014 1140; x_wconf 79' lang='lat' dir='ltr'>sn</span> <span class='ocrx_word' id='word_1_68' title='bbox 1028 1072 1116 1141; x_wconf 84' lang='lat' dir='ltr'>nobis</span> <span class='ocrx_word' id='word_1_69' title='bbox 1130 1090 1290 1168; x_wconf 80' lang='lat' dir='ltr'><em>operatur.</em></span> 
     </span>
     <span class='ocr_line' id='line_1_9' title="bbox 104 1163 1289 1262; baseline 0 -20"><span class='ocrx_word' id='word_1_70' title='bbox 104 1181 109 1189; x_wconf 80' lang='grc'><em>“</em></span> <span class='ocrx_word' id='word_1_71' title='bbox 215 1171 294 1243; x_wconf 81' lang='lat' dir='ltr'>.Sed</span> <span class='ocrx_word' id='word_1_72' title='bbox 324 1171 357 1240; x_wconf 81' lang='lat' dir='ltr'>da</span> <span class='ocrx_word' id='word_1_73' title='bbox 385 1163 456 1258; x_wconf 85' lang='lat' dir='ltr'>ipsa</span> <span class='ocrx_word' id='word_1_74' title='bbox 477 1187 599 1260; x_wconf 88' lang='lat' dir='ltr'>mors,</span> <span class='ocrx_word' id='word_1_75' title='bbox 626 1187 703 1258; x_wconf 82' lang='lat' dir='ltr'>quae</span> <span class='ocrx_word' id='word_1_76' title='bbox 728 1182 900 1262; x_wconf 79' lang='lat' dir='ltr'>operatur</span> <span class='ocrx_word' id='word_1_77' title='bbox 922 1169 960 1248; x_wconf 90' lang='lat' dir='ltr'>in</span> <span class='ocrx_word' id='word_1_78' title='bbox 982 1171 1114 1262; x_wconf 89' lang='lat' dir='ltr'>nobis,</span> <span class='ocrx_word' id='word_1_79' title='bbox 1141 1171 1289 1244; x_wconf 86' lang='lat' dir='ltr'>videtur</span> 
     </span>
     <span class='ocr_line' id='line_1_10' title="bbox 222 1255 1292 1364; baseline 0.001 -21"><span class='ocrx_word' id='word_1_80' title='bbox 222 1270 307 1364; x_wconf 80' lang='lat' dir='ltr'>milri</span> <span class='ocrx_word' id='word_1_81' title='bbox 327 1269 459 1358; x_wconf 85' lang='lat' dir='ltr'>aliquas</span> <span class='ocrx_word' id='word_1_82' title='bbox 477 1266 609 1340; x_wconf 86' lang='lat' dir='ltr'>habere</span> <span class='ocrx_word' id='word_1_83' title='bbox 624 1255 858 1342; x_wconf 80' lang='lat' dir='ltr'>differentias.</span> <span class='ocrx_word' id='word_1_84' title='bbox 910 1267 1010 1341; x_wconf 86' lang='lat' dir='ltr'>Sicut</span> <span class='ocrx_word' id='word_1_85' title='bbox 1026 1272 1121 1343; x_wconf 89' lang='lat' dir='ltr'>enim</span> <span class='ocrx_word' id='word_1_86' title='bbox 1137 1268 1292 1354; x_wconf 69' lang='lat' dir='ltr'>imChri·</span> 
     </span>
     <span class='ocr_line' id='line_1_11' title="bbox 115 1366 1291 1461; baseline -0.003 -17"><span class='ocrx_word' id='word_1_87' title='bbox 115 1423 122 1446; x_wconf 61' lang='grc'><strong>,</strong></span> <span class='ocrx_word' id='word_1_88' title='bbox 146 1406 149 1413; x_wconf 90' lang='grc'><strong><em>·</em></strong></span> <span class='ocrx_word' id='word_1_89' title='bbox 221 1369 278 1453; x_wconf 88' lang='lat' dir='ltr'>sto</span> <span class='ocrx_word' id='word_1_90' title='bbox 298 1370 391 1438; x_wconf 86' lang='lat' dir='ltr'>alind</span> <span class='ocrx_word' id='word_1_91' title='bbox 404 1366 476 1450; x_wconf 78' lang='lat' dir='ltr'>suit</span> <span class='ocrx_word' id='word_1_92' title='bbox 492 1381 632 1458; x_wconf 84' lang='lat' dir='ltr'>tempus</span> <span class='ocrx_word' id='word_1_93' title='bbox 648 1370 797 1461; x_wconf 88' lang='lat' dir='ltr'>mortis,</span> <span class='ocrx_word' id='word_1_94' title='bbox 823 1367 868 1441; x_wconf 87' lang='lat' dir='ltr'>de</span> <span class='ocrx_word' id='word_1_95' title='bbox 891 1390 958 1459; x_wconf 87' lang='lat' dir='ltr'>qua</span> <span class='ocrx_word' id='word_1_96' title='bbox 983 1369 1134 1441; x_wconf 86' lang='lat' dir='ltr'>dicitur:</span> <span class='ocrx_word' id='word_1_97' title='bbox 1163 1370 1210 1443; x_wconf 84' lang='lat' dir='ltr'>Et</span> <span class='ocrx_word' id='word_1_98' title='bbox 1236 1397 1291 1442; x_wconf 81' lang='lat' dir='ltr'>ex·</span> 
     </span>
     <span class='ocr_line' id='line_1_12' title="bbox 138 1461 1291 1560; baseline 0.002 -19"><span class='ocrx_word' id='word_1_99' title='bbox 138 1461 141 1472; x_wconf 46' lang='lat'>⁸</span> <span class='ocrx_word' id='word_1_100' title='bbox 221 1471 359 1541; x_wconf 82' lang='lat' dir='ltr'>clamans</span> <span class='ocrx_word' id='word_1_101' title='bbox 380 1491 450 1535; x_wconf 84' lang='lat' dir='ltr'>voce</span> <span class='ocrx_word' id='word_1_102' title='bbox 469 1491 580 1560; x_wconf 83' lang='lat' dir='ltr'>magna</span> <span class='ocrx_word' id='word_1_103' title='bbox 597 1466 793 1556; x_wconf 81' lang='lat' dir='ltr'><em>exspiravit,</em></span> <span class='ocrx_word' id='word_1_104' title='bbox 821 1471 854 1539; x_wconf 77' lang='lat' dir='ltr'>dt</span> <span class='ocrx_word' id='word_1_105' title='bbox 874 1467 967 1542; x_wconf 80' lang='lat' dir='ltr'>aliud</span> <span class='ocrx_word' id='word_1_106' title='bbox 986 1467 1059 1560; x_wconf 86' lang='lat' dir='ltr'>est,</span> <span class='ocrx_word' id='word_1_107' title='bbox 1086 1489 1167 1544; x_wconf 84' lang='lat' dir='ltr'>cum</span> <span class='ocrx_word' id='word_1_108' title='bbox 1183 1471 1221 1543; x_wconf 90' lang='lat' dir='ltr'>in</span> <span class='ocrx_word' id='word_1_109' title='bbox 1238 1470 1291 1543; x_wconf 84' lang='lat' dir='ltr'>se·</span> 
     </span>
     <span class='ocr_line' id='line_1_13' title="bbox 219 1564 1286 1665; baseline 0.005 -26"><span class='ocrx_word' id='word_1_110' title='bbox 219 1569 376 1665; x_wconf 87' lang='lat' dir='ltr'>pulchro</span> <span class='ocrx_word' id='word_1_111' title='bbox 395 1564 530 1659; x_wconf 81' lang='lat' dir='ltr'>positus</span> <span class='ocrx_word' id='word_1_112' title='bbox 540 1566 665 1639; x_wconf 83' lang='lat' dir='ltr'>&#39;clauso</span> <span class='ocrx_word' id='word_1_113' title='bbox 683 1566 776 1642; x_wconf 85' lang='lat' dir='ltr'>ostio</span> <span class='ocrx_word' id='word_1_114' title='bbox 789 1569 923 1661; x_wconf 76' lang='lat' dir='ltr'>jacuit,</span> <span class='ocrx_word' id='word_1_115' title='bbox 951 1567 1044 1642; x_wconf 87' lang='lat' dir='ltr'>aliud</span> <span class='ocrx_word' id='word_1_116' title='bbox 1061 1590 1174 1662; x_wconf 91' lang='lat' dir='ltr'>vero,</span> <span class='ocrx_word' id='word_1_117' title='bbox 1203 1590 1286 1645; x_wconf 90' lang='lat' dir='ltr'>cum</span> 
     </span>
     <span class='ocr_line' id='line_1_14' title="bbox 219 1666 1288 1765; baseline 0.003 -23"><span class='ocrx_word' id='word_1_118' title='bbox 219 1668 406 1762; x_wconf 79' lang='lat' dir='ltr'>requisitus</span> <span class='ocrx_word' id='word_1_119' title='bbox 424 1667 461 1737; x_wconf 90' lang='lat' dir='ltr'>in</span> <span class='ocrx_word' id='word_1_120' title='bbox 478 1680 719 1740; x_wconf 86' lang='lat' dir='ltr'>monumento</span> <span class='ocrx_word' id='word_1_121' title='bbox 736 1689 812 1740; x_wconf 90' lang='lat' dir='ltr'>non</span> <span class='ocrx_word' id='word_1_122' title='bbox 829 1666 880 1740; x_wconf 92' lang='lat' dir='ltr'>est</span> <span class='ocrx_word' id='word_1_123' title='bbox 897 1669 1091 1758; x_wconf 86' lang='lat' dir='ltr'>inventus,</span> <span class='ocrx_word' id='word_1_124' title='bbox 1118 1672 1200 1758; x_wconf 85' lang='lat' dir='ltr'>quia</span> <span class='ocrx_word' id='word_1_125' title='bbox 1214 1666 1288 1765; x_wconf 81' lang='lat' dir='ltr'>jam</span> 
     </span>
     <span class='ocr_line' id='line_1_15' title="bbox 173 1764 1291 1859; baseline 0 -17"><span class='ocrx_word' id='word_1_126' title='bbox 173 1845 175 1850; x_wconf 75' lang='grc'>,</span> <span class='ocrx_word' id='word_1_127' title='bbox 218 1769 475 1856; x_wconf 82' lang='lat' dir='ltr'>resurrexerat,</span> <span class='ocrx_word' id='word_1_128' title='bbox 493 1768 593 1856; x_wconf 77' lang='lat' dir='ltr'>quus</span> <span class='ocrx_word' id='word_1_129' title='bbox 610 1764 876 1841; x_wconf 76' lang='lat' dir='ltr'>resurreslionis</span> <span class='ocrx_word' id='word_1_130' title='bbox 893 1770 1034 1859; x_wconf 89' lang='lat' dir='ltr'>initium</span> <span class='ocrx_word' id='word_1_131' title='bbox 1048 1767 1185 1843; x_wconf 83' lang='lat' dir='ltr'>visibile</span> <span class='ocrx_word' id='word_1_132' title='bbox 1198 1771 1291 1844; x_wconf 90' lang='lat' dir='ltr'>nulli</span> 
     </span>
     <span class='ocr_line' id='line_1_16' title="bbox 109 1864 1288 1966; baseline 0 -24"><span class='ocrx_word' id='word_1_133' title='bbox 109 1961 112 1966; x_wconf 20' lang='lat'><strong>⁴</strong></span> <span class='ocrx_word' id='word_1_134' title='bbox 218 1869 406 1943; x_wconf 88' lang='lat' dir='ltr'>hominum</span> <span class='ocrx_word' id='word_1_135' title='bbox 424 1864 516 1951; x_wconf 80' lang='lat' dir='ltr'>suit3</span> <span class='ocrx_word' id='word_1_136' title='bbox 542 1868 592 1936; x_wconf 88' lang='lat' dir='ltr'>ita</span> <span class='ocrx_word' id='word_1_137' title='bbox 610 1867 718 1947; x_wconf 82' lang='lat' dir='ltr'>etiarn</span> <span class='ocrx_word' id='word_1_138' title='bbox 736 1870 772 1941; x_wconf 89' lang='lat' dir='ltr'>in</span> <span class='ocrx_word' id='word_1_139' title='bbox 787 1869 917 1958; x_wconf 89' lang='lat' dir='ltr'>nobis,</span> <span class='ocrx_word' id='word_1_140' title='bbox 953 1871 1011 1960; x_wconf 89' lang='lat' dir='ltr'>qui</span> <span class='ocrx_word' id='word_1_141' title='bbox 1041 1870 1217 1942; x_wconf 88' lang='lat' dir='ltr'>credimus</span> <span class='ocrx_word' id='word_1_142' title='bbox 1240 1869 1288 1957; x_wconf 92' lang='lat' dir='ltr'>ei,</span> 
     </span>
     <span class='ocr_line' id='line_1_17' title="bbox 193 1964 1287 2062; baseline 0.001 -23"><span class='ocrx_word' id='word_1_143' title='bbox 193 2022 195 2025; x_wconf 82' lang='lat'><em>-</em></span> <span class='ocrx_word' id='word_1_144' title='bbox 218 1970 350 2058; x_wconf 86' lang='lat' dir='ltr'>triplex</span> <span class='ocrx_word' id='word_1_145' title='bbox 371 1964 433 2036; x_wconf 88' lang='lat' dir='ltr'>ista</span> <span class='ocrx_word' id='word_1_146' title='bbox 450 1966 543 2035; x_wconf 87' lang='lat' dir='ltr'>ratio</span> <span class='ocrx_word' id='word_1_147' title='bbox 561 1968 689 2037; x_wconf 90' lang='lat' dir='ltr'>mortis</span> <span class='ocrx_word' id='word_1_148' title='bbox 707 1968 872 2041; x_wconf 80' lang='lat' dir='ltr'>habenda</span> <span class='ocrx_word' id='word_1_149' title='bbox 890 1966 952 2043; x_wconf 89' lang='lat' dir='ltr'>est.</span> <span class='ocrx_word' id='word_1_150' title='bbox 1003 1964 1053 2039; x_wconf 89' lang='lat' dir='ltr'>Et</span> <span class='ocrx_word' id='word_1_151' title='bbox 1072 1968 1189 2062; x_wconf 89' lang='lat' dir='ltr'>ptimo</span> <span class='ocrx_word' id='word_1_152' title='bbox 1212 1969 1287 2060; x_wconf 89' lang='lat' dir='ltr'>qui-</span> 
     </span>
     <span class='ocr_line' id='line_1_18' title="bbox 217 2064 1281 2146; baseline 0 -5"><span class='ocrx_word' id='word_1_153' title='bbox 217 2070 298 2141; x_wconf 87' lang='lat' dir='ltr'>dem</span> <span class='ocrx_word' id='word_1_154' title='bbox 324 2064 544 2140; x_wconf 79' lang='lat' dir='ltr'>consessione</span> <span class='ocrx_word' id='word_1_155' title='bbox 561 2066 665 2137; x_wconf 89' lang='lat' dir='ltr'>vocis</span> <span class='ocrx_word' id='word_1_156' title='bbox 690 2065 911 2140; x_wconf 85' lang='lat' dir='ltr'>ostendenda</span> <span class='ocrx_word' id='word_1_157' title='bbox 927 2069 963 2140; x_wconf 88' lang='lat' dir='ltr'>in</span> <span class='ocrx_word' id='word_1_158' title='bbox 979 2068 1086 2140; x_wconf 89' lang='lat' dir='ltr'>nobis</span> <span class='ocrx_word' id='word_1_159' title='bbox 1106 2065 1156 2140; x_wconf 90' lang='lat' dir='ltr'>est</span> <span class='ocrx_word' id='word_1_160' title='bbox 1180 2088 1281 2146; x_wconf 90' lang='lat' dir='ltr'>mors</span> 
     </span>
     <span class='ocr_line' id='line_1_19' title="bbox 218 2164 1289 2262; baseline -0.005 -20"><span class='ocrx_word' id='word_1_161' title='bbox 218 2164 369 2254; x_wconf 81' lang='lat' dir='ltr'>Christi,</span> <span class='ocrx_word' id='word_1_162' title='bbox 397 2186 477 2237; x_wconf 90' lang='lat' dir='ltr'>cum</span> <span class='ocrx_word' id='word_1_163' title='bbox 500 2166 720 2261; x_wconf 72' lang='lat' dir='ltr'>cordequr&#39;dem</span> <span class='ocrx_word' id='word_1_164' title='bbox 741 2170 883 2237; x_wconf 79' lang='lat' dir='ltr'>ereditur</span> <span class='ocrx_word' id='word_1_165' title='bbox 899 2168 940 2237; x_wconf 86' lang='lat' dir='ltr'>ad</span> <span class='ocrx_word' id='word_1_166' title='bbox 949 2168 1125 2262; x_wconf 61' lang='lat' dir='ltr'>justitiam,</span> <span class='ocrx_word' id='word_1_167' title='bbox 1151 2192 1203 2239; x_wconf 83' lang='lat' dir='ltr'>ore</span> <span class='ocrx_word' id='word_1_168' title='bbox 1226 2194 1289 2260; x_wconf 15' lang='lat' dir='ltr'>art-v</span> 
     </span>
     <span class='ocr_line' id='line_1_20' title="bbox 217 2262 1287 2355; baseline 0 -15"><span class='ocrx_word' id='word_1_169' title='bbox 217 2286 280 2341; x_wconf 81' lang='lat' dir='ltr'>rem</span> <span class='ocrx_word' id='word_1_170' title='bbox 296 2262 440 2355; x_wconf 74' lang='lat' dir='ltr'>conseffia</span> <span class='ocrx_word' id='word_1_171' title='bbox 448 2267 495 2355; x_wconf 80' lang='lat' dir='ltr'>fir</span> <span class='ocrx_word' id='word_1_172' title='bbox 511 2267 551 2335; x_wconf 83' lang='lat' dir='ltr'>ad</span> <span class='ocrx_word' id='word_1_173' title='bbox 565 2267 710 2355; x_wconf 72' lang='lat' dir='ltr'>salutem.</span> <span class='ocrx_word' id='word_1_174' title='bbox 753 2267 922 2340; x_wconf 87' lang='lat' dir='ltr'>Secundo</span> <span class='ocrx_word' id='word_1_175' title='bbox 943 2288 1054 2355; x_wconf 90' lang='lat' dir='ltr'>vero,</span> <span class='ocrx_word' id='word_1_176' title='bbox 1080 2268 1117 2340; x_wconf 91' lang='lat' dir='ltr'>in</span> <span class='ocrx_word' id='word_1_177' title='bbox 1133 2266 1287 2342; x_wconf 84' lang='lat' dir='ltr'>mortifi-</span> 
     </span>
     <span class='ocr_line' id='line_1_21' title="bbox 214 2363 1282 2459; baseline 0.003 -19"><span class='ocrx_word' id='word_1_178' title='bbox 214 2371 361 2441; x_wconf 84' lang='lat' dir='ltr'>catione</span> <span class='ocrx_word' id='word_1_179' title='bbox 387 2367 649 2453; x_wconf 88' lang='lat' dir='ltr'>mcmbrorum‚</span> <span class='ocrx_word' id='word_1_180' title='bbox 677 2386 754 2456; x_wconf 84' lang='lat' dir='ltr'>quae</span> <span class='ocrx_word' id='word_1_181' title='bbox 780 2365 860 2440; x_wconf 90' lang='lat' dir='ltr'>sunt</span> <span class='ocrx_word' id='word_1_182' title='bbox 883 2363 988 2459; x_wconf 88' lang='lat' dir='ltr'>super</span> <span class='ocrx_word' id='word_1_183' title='bbox 1012 2381 1165 2458; x_wconf 84' lang='lat' dir='ltr'>terram,</span> <span class='ocrx_word' id='word_1_184' title='bbox 1199 2388 1282 2443; x_wconf 88' lang='lat' dir='ltr'>cum</span> 
     </span>
     <span class='ocr_line' id='line_1_22' title="bbox 88 2461 1281 2564; baseline -0.003 -20"><span class='ocrx_word' id='word_1_185' title='bbox 88 2553 98 2564; x_wconf 54' lang='lat'>‚</span> <span class='ocrx_word' id='word_1_186' title='bbox 213 2468 354 2560; x_wconf 84' lang='lat' dir='ltr'>semper</span> <span class='ocrx_word' id='word_1_187' title='bbox 384 2461 702 2540; x_wconf 88' lang='lat' dir='ltr'>mortificationem</span> <span class='ocrx_word' id='word_1_188' title='bbox 737 2463 864 2539; x_wconf 87' lang='lat' dir='ltr'>Christi</span> <span class='ocrx_word' id='word_1_189' title='bbox 894 2468 932 2539; x_wconf 92' lang='lat' dir='ltr'>in</span> <span class='ocrx_word' id='word_1_190' title='bbox 965 2486 1123 2558; x_wconf 88' lang='lat' dir='ltr'>corpore</span> <span class='ocrx_word' id='word_1_191' title='bbox 1155 2466 1281 2540; x_wconf 89' lang='lat' dir='ltr'>nostro</span> 
     </span>
     <span class='ocr_line' id='line_1_23' title="bbox 214 2562 1284 2659; baseline -0.004 -16"><span class='ocrx_word' id='word_1_192' title='bbox 214 2571 311 2643; x_wconf 87' lang='lat' dir='ltr'>nunc</span> <span class='ocrx_word' id='word_1_193' title='bbox 339 2562 642 2639; x_wconf 82' lang='lat' dir='ltr'>circumferimus:</span> <span class='ocrx_word' id='word_1_194' title='bbox 676 2565 810 2639; x_wconf 85' lang='lat' dir='ltr'>&amp;hoc</span> <span class='ocrx_word' id='word_1_195' title='bbox 836 2564 907 2659; x_wconf 91' lang='lat' dir='ltr'>est,</span> <span class='ocrx_word' id='word_1_196' title='bbox 936 2566 1034 2656; x_wconf 86' lang='lat' dir='ltr'>quod</span> <span class='ocrx_word' id='word_1_197' title='bbox 1061 2566 1171 2657; x_wconf 91' lang='lat' dir='ltr'>dicit,</span> <span class='ocrx_word' id='word_1_198' title='bbox 1199 2569 1284 2656; x_wconf 79' lang='lat' dir='ltr'>quia</span> 
     </span>
     <span class='ocr_line' id='line_1_24' title="bbox 108 2659 1284 2759; baseline -0.002 -20"><span class='ocrx_word' id='word_1_199' title='bbox 108 2659 118 2721; x_wconf 43' lang='lat' dir='ltr'><em>f</em></span> <span class='ocrx_word' id='word_1_200' title='bbox 213 2695 296 2739; x_wconf 88' lang='lat' dir='ltr'>mors</span> <span class='ocrx_word' id='word_1_201' title='bbox 318 2672 355 2734; x_wconf 82' lang='lat' dir='ltr'>in</span> <span class='ocrx_word' id='word_1_202' title='bbox 377 2671 464 2733; x_wconf 77' lang='lat' dir='ltr'>nobis</span> <span class='ocrx_word' id='word_1_203' title='bbox 482 2682 637 2758; x_wconf 76' lang='lat' dir='ltr'>operatur.</span> <span class='ocrx_word' id='word_1_204' title='bbox 690 2664 822 2737; x_wconf 80' lang='lat' dir='ltr'>Tertio</span> <span class='ocrx_word' id='word_1_205' title='bbox 842 2686 958 2756; x_wconf 76' lang='lat' dir='ltr'>vem,</span> <span class='ocrx_word' id='word_1_206' title='bbox 986 2686 1066 2738; x_wconf 88' lang='lat' dir='ltr'>cum</span> <span class='ocrx_word' id='word_1_207' title='bbox 1082 2663 1152 2759; x_wconf 85' lang='lat' dir='ltr'>jam</span> <span class='ocrx_word' id='word_1_208' title='bbox 1170 2665 1284 2738; x_wconf 84' lang='lat' dir='ltr'>resur·</span> 
     </span>
     <span class='ocr_line' id='line_1_25' title="bbox 213 2759 1283 2862; baseline 0 -25"><span class='ocrx_word' id='word_1_209' title='bbox 213 2770 327 2862; x_wconf 87' lang='lat' dir='ltr'>gimus</span> <span class='ocrx_word' id='word_1_210' title='bbox 350 2787 368 2835; x_wconf 86' lang='lat' dir='ltr'>a</span> <span class='ocrx_word' id='word_1_211' title='bbox 384 2759 559 2854; x_wconf 86' lang='lat' dir='ltr'>mortuis,</span> <span class='ocrx_word' id='word_1_212' title='bbox 588 2766 670 2836; x_wconf 86' lang='lat' dir='ltr'>&amp;in</span> <span class='ocrx_word' id='word_1_213' title='bbox 688 2766 855 2840; x_wconf 84' lang='lat' dir='ltr'>novitate</span> <span class='ocrx_word' id='word_1_214' title='bbox 873 2766 959 2837; x_wconf 87' lang='lat' dir='ltr'>vitae</span> <span class='ocrx_word' id='word_1_215' title='bbox 974 2767 1204 2839; x_wconf 84' lang='lat' dir='ltr'>ambulamus.</span> <span class='ocrx_word' id='word_1_216' title='bbox 1234 2764 1283 2837; x_wconf 87' lang='lat' dir='ltr'>Et</span> 
     </span>
     <span class='ocr_line' id='line_1_26' title="bbox 213 2863 1283 2958; baseline -0.005 -20"><span class='ocrx_word' id='word_1_217' title='bbox 213 2883 256 2938; x_wconf 91' lang='lat' dir='ltr'>ut</span> <span class='ocrx_word' id='word_1_218' title='bbox 270 2863 417 2938; x_wconf 84' lang='lat' dir='ltr'>breuius</span> <span class='ocrx_word' id='word_1_219' title='bbox 433 2884 474 2932; x_wconf 88' lang='lat' dir='ltr'>ac</span> <span class='ocrx_word' id='word_1_220' title='bbox 491 2863 678 2935; x_wconf 89' lang='lat' dir='ltr'>dilucidius</span> <span class='ocrx_word' id='word_1_221' title='bbox 695 2867 937 2957; x_wconf 83' lang='lat' dir='ltr'>explicemus,</span> <span class='ocrx_word' id='word_1_222' title='bbox 963 2866 1074 2958; x_wconf 72' lang='lat' dir='ltr'>prima</span> <span class='ocrx_word' id='word_1_223' title='bbox 1088 2865 1163 2938; x_wconf 86' lang='lat' dir='ltr'>dies</span> <span class='ocrx_word' id='word_1_224' title='bbox 1185 2885 1283 2939; x_wconf 90' lang='lat' dir='ltr'>mor-</span> 
     </span>
     <span class='ocr_line' id='line_1_27' title="bbox 211 2959 1279 3053; baseline 0.001 -16"><span class='ocrx_word' id='word_1_225' title='bbox 211 2968 257 3038; x_wconf 88' lang='lat' dir='ltr'>tis</span> <span class='ocrx_word' id='word_1_226' title='bbox 275 2964 326 3037; x_wconf 89' lang='lat' dir='ltr'>est</span> <span class='ocrx_word' id='word_1_227' title='bbox 340 2959 558 3035; x_wconf 81' lang='lat' dir='ltr'>renunciasse</span> <span class='ocrx_word' id='word_1_228' title='bbox 574 2960 723 3036; x_wconf 76' lang='lat' dir='ltr'>seculo:</span> <span class='ocrx_word' id='word_1_229' title='bbox 751 2962 918 3053; x_wconf 85' lang='lat' dir='ltr'>secunda,</span> <span class='ocrx_word' id='word_1_230' title='bbox 933 2961 1155 3036; x_wconf 75' lang='lat' dir='ltr'>renunciasse</span> <span class='ocrx_word' id='word_1_231' title='bbox 1169 2964 1279 3038; x_wconf 82' lang='lat' dir='ltr'>etiam</span> 
     </span>
     <span class='ocr_line' id='line_1_28' title="bbox 104 3062 1281 3157; baseline 0.002 -23"><span class='ocrx_word' id='word_1_232' title='bbox 104 3063 108 3068; x_wconf 83' lang='grc'><strong>’</strong></span> <span class='ocrx_word' id='word_1_233' title='bbox 211 3064 311 3135; x_wconf 86' lang='lat' dir='ltr'>vitiis</span> <span class='ocrx_word' id='word_1_234' title='bbox 335 3064 470 3134; x_wconf 85' lang='lat' dir='ltr'>carnis:</span> <span class='ocrx_word' id='word_1_235' title='bbox 497 3062 686 3157; x_wconf 65' lang='lat' dir='ltr'>plenitudo</span> <span class='ocrx_word' id='word_1_236' title='bbox 711 3081 802 3135; x_wconf 88' lang='lat' dir='ltr'>vero</span> <span class='ocrx_word' id='word_1_237' title='bbox 827 3062 1057 3155; x_wconf 72' lang='lat' dir='ltr'>perfectionis</span> <span class='ocrx_word' id='word_1_238' title='bbox 1084 3066 1121 3137; x_wconf 89' lang='lat' dir='ltr'>in</span> <span class='ocrx_word' id='word_1_239' title='bbox 1143 3063 1281 3138; x_wconf 86' lang='lat' dir='ltr'>lumine</span> 
     </span>
     <span class='ocr_line' id='line_1_29' title="bbox 211 3159 1279 3260; baseline -0.001 -23"><span class='ocrx_word' id='word_1_240' title='bbox 211 3164 389 3260; x_wconf 80' lang='lat' dir='ltr'>sapientie</span> <span class='ocrx_word' id='word_1_241' title='bbox 405 3162 512 3236; x_wconf 87' lang='lat' dir='ltr'>tertia</span> <span class='ocrx_word' id='word_1_242' title='bbox 526 3159 860 3238; x_wconf 75' lang='lat' dir='ltr'>resurrestionisest</span> <span class='ocrx_word' id='word_1_243' title='bbox 876 3163 962 3236; x_wconf 88' lang='lat' dir='ltr'>dies.</span> <span class='ocrx_word' id='word_1_244' title='bbox 991 3167 1090 3259; x_wconf 87' lang='lat' dir='ltr'>Quas</span> <span class='ocrx_word' id='word_1_245' title='bbox 1106 3178 1227 3235; x_wconf 88' lang='lat' dir='ltr'>tamen</span> <span class='ocrx_word' id='word_1_246' title='bbox 1240 3162 1279 3236; x_wconf 89' lang='lat' dir='ltr'>in</span> 
     </span>
     <span class='ocr_line' id='line_1_30' title="bbox 210 3260 1280 3355; baseline -0.004 -13"><span class='ocrx_word' id='word_1_247' title='bbox 210 3284 438 3354; x_wconf 82' lang='lat' dir='ltr'>unoquoque</span> <span class='ocrx_word' id='word_1_248' title='bbox 462 3262 685 3336; x_wconf 88' lang='lat' dir='ltr'>credentium</span> <span class='ocrx_word' id='word_1_249' title='bbox 710 3260 958 3353; x_wconf 86' lang='lat' dir='ltr'>differentias,</span> <span class='ocrx_word' id='word_1_250' title='bbox 996 3262 1280 3355; x_wconf 70' lang='lat' dir='ltr'>&amp;profectuum</span> 
     </span>
     <span class='ocr_line' id='line_1_31' title="bbox 210 3360 1278 3462; baseline -0.001 -27"><span class='ocrx_word' id='word_1_251' title='bbox 210 3368 338 3462; x_wconf 84' lang='lat' dir='ltr'>gradus</span> <span class='ocrx_word' id='word_1_252' title='bbox 364 3364 458 3434; x_wconf 87' lang='lat' dir='ltr'>solus</span> <span class='ocrx_word' id='word_1_253' title='bbox 481 3364 542 3440; x_wconf 88' lang='lat' dir='ltr'>ille</span> <span class='ocrx_word' id='word_1_254' title='bbox 567 3360 687 3456; x_wconf 85' lang='lat' dir='ltr'>potest</span> <span class='ocrx_word' id='word_1_255' title='bbox 711 3362 798 3435; x_wconf 89' lang='lat' dir='ltr'>scire</span> <span class='ocrx_word' id='word_1_256' title='bbox 822 3364 855 3434; x_wconf 83' lang='lat' dir='ltr'>dt</span> <span class='ocrx_word' id='word_1_257' title='bbox 881 3361 1103 3453; x_wconf 85' lang='lat' dir='ltr'>discernere,</span> <span class='ocrx_word' id='word_1_258' title='bbox 1131 3364 1187 3433; x_wconf 90' lang='lat' dir='ltr'>cni</span> <span class='ocrx_word' id='word_1_259' title='bbox 1212 3362 1278 3434; x_wconf 90' lang='lat' dir='ltr'>soli</span> 
     </span>
     <span class='ocr_line' id='line_1_32' title="bbox 94 3460 1277 3557; baseline -0.003 -20"><span class='ocrx_word' id='word_1_260' title='bbox 94 3492 100 3502; x_wconf 94' lang='lat'><strong>·</strong></span> <span class='ocrx_word' id='word_1_261' title='bbox 209 3480 337 3557; x_wconf 87' lang='lat' dir='ltr'>patent</span> <span class='ocrx_word' id='word_1_262' title='bbox 355 3460 474 3534; x_wconf 89' lang='lat' dir='ltr'>cordis</span> <span class='ocrx_word' id='word_1_263' title='bbox 496 3464 652 3537; x_wconf 76' lang='lat' dir='ltr'>occulta</span> <span class='ocrx_word' id='word_1_264' title='bbox 704 3464 841 3534; x_wconf 85' lang='lat' dir='ltr'>Verum</span> <span class='ocrx_word' id='word_1_265' title='bbox 866 3477 905 3535; x_wconf 89' lang='lat' dir='ltr'>tu</span> <span class='ocrx_word' id='word_1_266' title='bbox 922 3462 1005 3534; x_wconf 91' lang='lat' dir='ltr'>vide</span> <span class='ocrx_word' id='word_1_267' title='bbox 1023 3460 1119 3534; x_wconf 88' lang='lat' dir='ltr'>Pauli</span> <span class='ocrx_word' id='word_1_268' title='bbox 1138 3464 1173 3534; x_wconf 89' lang='lat' dir='ltr'>in</span> <span class='ocrx_word' id='word_1_269' title='bbox 1194 3461 1277 3534; x_wconf 88' lang='lat' dir='ltr'>scri·</span> 
     </span>
     <span class='ocr_line' id='line_1_33' title="bbox 208 3560 1280 3656; baseline -0.006 -17"><span class='ocrx_word' id='word_1_270' title='bbox 208 3566 331 3640; x_wconf 88' lang='lat' dir='ltr'>bendo</span> <span class='ocrx_word' id='word_1_271' title='bbox 355 3560 582 3656; x_wconf 87' lang='lat' dir='ltr'>sapientiam,</span> <span class='ocrx_word' id='word_1_272' title='bbox 609 3562 668 3651; x_wconf 83' lang='lat' dir='ltr'>qui</span> <span class='ocrx_word' id='word_1_273' title='bbox 688 3561 731 3633; x_wconf 87' lang='lat' dir='ltr'>ad</span> <span class='ocrx_word' id='word_1_274' title='bbox 744 3561 980 3636; x_wconf 83' lang='lat' dir='ltr'>Timotheum</span> <span class='ocrx_word' id='word_1_275' title='bbox 997 3560 1152 3634; x_wconf 89' lang='lat' dir='ltr'>scribens</span> <span class='ocrx_word' id='word_1_276' title='bbox 1173 3562 1280 3652; x_wconf 79' lang='lat' dir='ltr'>dixit,</span> 
     </span>
     <span class='ocr_line' id='line_1_34' title="bbox 210 3662 1279 3758; baseline -0.004 -23"><span class='ocrx_word' id='word_1_277' title='bbox 210 3667 292 3756; x_wconf 89' lang='lat' dir='ltr'>quia</span> <span class='ocrx_word' id='word_1_278' title='bbox 306 3666 566 3758; x_wconf 76' lang='lat' dir='ltr'>fitommorimur,</span> <span class='ocrx_word' id='word_1_279' title='bbox 580 3665 618 3738; x_wconf 62' lang='lat' dir='ltr'>dy</span> <span class='ocrx_word' id='word_1_280' title='bbox 634 3667 860 3745; x_wconf 61' lang='lat' dir='ltr'>convivorum</span> <span class='ocrx_word' id='word_1_281' title='bbox 886 3662 1018 3755; x_wconf 83' lang='lat' dir='ltr'>quique</span> <span class='ocrx_word' id='word_1_282' title='bbox 1035 3662 1279 3754; x_wconf 73' lang='lat' dir='ltr'>commorien-</span> 
     </span>
     <span class='ocr_line' id='line_1_35' title="bbox 145 3756 1278 3853; baseline 0.001 -21"><span class='ocrx_word' id='word_1_283' title='bbox 145 3827 148 3832; x_wconf 90' lang='lat'>.</span> <span class='ocrx_word' id='word_1_284' title='bbox 185 3767 304 3838; x_wconf 86' lang='lat' dir='ltr'>¹tibus</span> <span class='ocrx_word' id='word_1_285' title='bbox 330 3760 473 3835; x_wconf 90' lang='lat' dir='ltr'>Christo</span> <span class='ocrx_word' id='word_1_286' title='bbox 500 3762 601 3853; x_wconf 83' lang='lat' dir='ltr'>quali</span> <span class='ocrx_word' id='word_1_287' title='bbox 619 3761 846 3853; x_wconf 88' lang='lat' dir='ltr'>consequens</span> <span class='ocrx_word' id='word_1_288' title='bbox 873 3761 907 3834; x_wconf 83' lang='lat' dir='ltr'>dt</span> <span class='ocrx_word' id='word_1_289' title='bbox 933 3756 1164 3836; x_wconf 82' lang='lat' dir='ltr'>necessarlum</span> <span class='ocrx_word' id='word_1_290' title='bbox 1191 3782 1278 3844; x_wconf 83' lang='lat' dir='ltr'>cum</span> 
     </span>
     <span class='ocr_line' id='line_1_36' title="bbox 204 3857 1277 3956; baseline -0.002 -21"><span class='ocrx_word' id='word_1_291' title='bbox 204 3866 325 3956; x_wconf 86' lang='lat' dir='ltr'>junxit</span> <span class='ocrx_word' id='word_1_292' title='bbox 342 3862 439 3954; x_wconf 91' lang='lat' dir='ltr'>quod</span> <span class='ocrx_word' id='word_1_293' title='bbox 457 3865 661 3952; x_wconf 74' lang='lat' dir='ltr'>convivent</span> <span class='ocrx_word' id='word_1_294' title='bbox 679 3857 735 3954; x_wconf 87' lang='lat' dir='ltr'>ei,</span> <span class='ocrx_word' id='word_1_295' title='bbox 761 3862 820 3934; x_wconf 89' lang='lat' dir='ltr'>hic</span> <span class='ocrx_word' id='word_1_296' title='bbox 841 3861 997 3953; x_wconf 82' lang='lat' dir='ltr'>addidit,</span> <span class='ocrx_word' id='word_1_297' title='bbox 1026 3864 1207 3948; x_wconf 63' lang='lat' dir='ltr'>credimus,</span> <span class='ocrx_word' id='word_1_298' title='bbox 1236 3873 1277 3933; x_wconf 91' lang='lat' dir='ltr'>ut</span> 
     </span>
     <span class='ocr_line' id='line_1_37' title="bbox 140 3953 1276 4159; baseline -0.004 -120"><span class='ocrx_word' id='word_1_299' title='bbox 140 4051 180 4159; x_wconf 45' lang='grc' dir='ltr'>ἱ</span> <span class='ocrx_word' id='word_1_300' title='bbox 208 3963 434 4046; x_wconf 83' lang='lat' dir='ltr'>ostenderet,</span> <span class='ocrx_word' id='word_1_301' title='bbox 463 3964 564 4058; x_wconf 85' lang='lat' dir='ltr'>quia,</span> <span class='ocrx_word' id='word_1_302' title='bbox 572 3953 736 4064; x_wconf 62' lang='lat' dir='ltr'>quamvis</span> <span class='ocrx_word' id='word_1_303' title='bbox 753 3959 975 4056; x_wconf 88' lang='lat' dir='ltr'>consequens</span> <span class='ocrx_word' id='word_1_304' title='bbox 993 3962 1027 4035; x_wconf 81' lang='lat' dir='ltr'>dt</span> <span class='ocrx_word' id='word_1_305' title='bbox 1043 3960 1276 4134; x_wconf 46' lang='lat' dir='ltr'>netellapium</span> 
     </span>
     <span class='ocr_line' id='line_1_38' title="bbox 186 4071 1225 4134; baseline -0.001 0"><span class='ocrx_word' id='word_1_306' title='bbox 186 4125 192 4134; x_wconf 83' lang='lat'>‚</span> <span class='ocrx_word' id='word_1_307' title='bbox 966 4111 970 4124; x_wconf 85' lang='lat'><em>-</em></span> <span class='ocrx_word' id='word_1_308' title='bbox 1124 4071 1127 4078; x_wconf 78' lang='lat'>&#39;</span> <span class='ocrx_word' id='word_1_309' title='bbox 1196 4076 1225 4133; x_wconf 83' lang='lat' dir='ltr'>rt</span> 
     </span>
    </p>
   </div>
   <div class='ocr_carea' id='block_1_4' title="bbox 1053 4217 1081 4284">
    <p class='ocr_par' dir='ltr' id='par_1_4' title="bbox 1053 4217 1081 4284">
     <span class='ocr_line' id='line_1_39' title="bbox 1053 4217 1081 4284; baseline 0 0"><span class='ocrx_word' id='word_1_310' title='bbox 1053 4217 1081 4284; x_wconf 88' lang='lat' dir='ltr'>l.</span> 
     </span>
    </p>
   </div>
   <div class='ocr_carea' id='block_1_5' title="bbox 0 0 1418 4559">
    <p class='ocr_par' dir='ltr' id='par_1_5' title="bbox 0 0 1418 4559">
     <span class='ocr_line' id='line_1_40' title="bbox 0 0 1418 4559; baseline 0 8"><span class='ocrx_word' id='word_1_311' title='bbox 0 0 1418 4559; x_wconf 95' lang='lat' dir='ltr'> </span> 
     </span>
    </p>
   </div>
  </div>
 </body>
</html>
