2825 4559
235 309 308 406 176
359 235 689 408 pomoranis
725 215 1132 389 co'uu'annun
1217 246 1220 258 ¹

236 461 454 555 consistunt,
470 461 522 534 lte
533 472 576 534 ut
592 459 697 536 facile
711 459 839 555 pauni
856 467 1082 542 exolescere:
1109 471 1300 562 bucnero

234 567 307 644 Dei
330 565 463 658 Spiritu
488 557 678 656 inscripto,
702 565 738 636 oc
764 565 802 637 in
827 569 951 640 animo
972 573 1215 661 penetralibus
1237 578 1301 646 ina·

232 655 369 765 prelia,
393 660 596 737 firmitatem
621 662 872 756 perpetuitatis
899 666 1100 762 obtineant.
1152 673 1300 746 Talibus

144 839 147 844 ,
233 785 325 862 ergo
339 764 451 838 literia
470 753 708 855 promissionis
725 760 1078 860 inscribiturnninra,
1100 789 1177 862 quar
1190 768 1299 845 fidern

109 887 118 902 .
234 865 331 946 sum
349 864 434 937 000
452 863 671 962 velutcerae
687 859 862 938 obtulerit
877 881 1108 958 preparatae,
1125 883 1174 940 ut
1187 871 1227 942 in
1245 871 1299 944 hia

173 1041 178 1064 ,
235 968 308 1042 Dei
324 961 642 1061 gratia-lignariae
657 963 761 1054 poffit
776 961 935 1039 inscribi:
962 966 1096 1041 &ideo
1110 966 1300 1062 hujusmo-

234 1069 271 1140 dl
287 1063 375 1138 fidea
393 1075 581 1153 reputatur
595 1061 643 1134 erl
659 1059 854 1155 justitiam,
876 1083 953 1153 quae
968 1086 1079 1157 capax
1092 1070 1212 1161 gratiae
1227 1091 1300 1140 coe-

232 1165 329 1242 lestit
343 1160 530 1236 exstiterit.
555 1160 640 1238 Huc
656 1175 774 1236 autem
793 1164 974 1261 contingit
991 1164 1112 1240 semini
1128 1167 1298 1260 Abrahae,

233 1286 314 1344 non
330 1263 535 1348 ostentum,
561 1259 660 1352 quod
675 1279 721 1333 ex
736 1259 815 1358 lege
830 1260 903 1353 est,
930 1261 988 1336 sed
1007 1266 1116 1356 &ei.‚-
1138 1268 1236 1360 quod
1253 1289 1300 1342 ex

235 1364 308 1442 fide
326 1360 388 1437 est.
441 1359 564 1436 Multo
582 1362 684 1444 ,euim
711 1361 870 1436 Aurelia·
886 1363 1045 1437 nobilior
1063 1388 1121 1438 :eac
1144 1363 1214 1440 sule
1236 1363 1301 1456 est,

235 1485 341 1558 quam
359 1482 404 1536 ex
424 1479 532 1533 carne
547 1458 734 1550 successio,
762 1464 843 1550 quia
861 1479 1142 1552 nun-excarne,
1170 1463 1227 1540 ied
1253 1487 1301 1541 ex

233 1562 308 1648 fide
321 1557 532 1656 justificatus
548 1555 620 1638 esse
632 1575 864 1640 memoratur.
896 1562 931 1634 Si
949 1563 1042 1637 eninr
1061 1584 1138 1638 non
1154 1587 1198 1638 ea
1214 1562 1300 1658 srde,

233 1666 295 1740 sed
318 1683 365 1736 ex
388 1658 520 1734 semine
543 1658 660 1733 danda
684 1657 849 1735 succeffio
866 1660 945 1751 cst,
973 1665 1196 1738 conveniens
1215 1667 1300 1757 erit,

235 1766 270 1838 or
285 1761 434 1836 lsnraelia
450 1756 715 1851 posteritatem,
743 1759 775 1830 ἃ
798 1778 885 1849 eoa,
911 1762 1037 1851 quiex
1061 1762 1221 1836 Cethura
1242 1767 1302 1836 de·

234 1859 425 1951 scendunt,
441 1860 485 1932 ad
501 1859 767 1951 promissionum
784 1857 999 1936 sacramenta
1018 1862 1302 1956 perduci.Quod

236 1963 364 2053 utique
379 1978 456 2032 non
471 1959 543 2030 reci
570 1958 667 2047 itur,
686 1956 745 2032 sed
763 1954 837 2032 sola
851 1961 938 2054 legia
955 1980 997 2033 ac
1012 1958 1095 2036 fidei
1113 1962 1302 2058 posteritas

234 2060 490 2152 introducitur.
566 2075 663 2130 erunr
683 2077 758 2130 non
780 2077 848 2131 nor
868 2074 1057 2148 praetereat
1077 2061 1243 2155 Apostoli
1264 2063 1303 2136 in

234 2164 310 2239 hoc
333 2162 421 2233 loco
446 2155 654 2238 nutabunda
677 2158 834 2247 quaedarn
860 2156 1077 2255 &ambigue
1093 2161 1235 2254 prolata
1249 2165 1306 2236 lo·

172 2351 176 2358 ἱ
235 2263 349 2338 tutin.
377 2257 491 2354 Quod
509 2257 603 2332 euim
620 2256 729 2330 dixit:
764 2255 971 2354 Utfirrraafit
987 2251 1145 2355 promiffio
1161 2263 1304 2352 omnise-

234 2368 341 2444 rru'm',
361 2383 428 2430 nou
446 2363 493 2441 ei,
519 2359 597 2453 qued
610 2382 650 2426 ear
664 2357 726 2448 lege
742 2357 781 2452 ιβ
798 2374 949 2450 centum,
973 2360 1028 2446 ses
1037 2360 1078 2441 Θ
1092 2367 1141 2447 ei,
1164 2365 1245 2458 quod
1263 2388 1304 2432 ex

225 2466 294 2557 file
309 2462 368 2556 ιβ,
394 2458 418 2532 st
438 2451 495 2546 jta‘
513 2454 754 2549 intelligatur,
781 2455 876 2549 quau
893 2459 987 2530 eliud
1006 2481 1051 2532 ex
1069 2462 1149 2556 lege
1167 2459 1302 2553 semen,

131 2615 144 2624 -
237 2563 272 2638 δι
290 2559 385 2635 aliud
403 2577 449 2630 ex
466 2554 537 2630 fide
556 2556 709 2638 dixerit,
730 2569 772 2627 ut
788 2567 954 2648 tanquam
972 2560 1015 2632 ab
1030 2575 1189 2652 utroque
1204 2561 1305 2636 senri-

233 2685 280 2740 ne
296 2655 475 2755 prorniffio
492 2655 709 2730 hereditatis
728 2655 860 2729 debeat
875 2655 1090 2752 exspeciari,
1116 2660 1304 2734 iuvenitur

163 2842 167 2848 ,
235 2760 418 2838 contraria
440 2756 562 2828 dicere
577 2756 652 2839 hia,
680 2775 758 2845 quae
778 2753 934 2850 superius
951 2757 1106 2850 scripsit,
1132 2780 1213 2836 curn
1232 2762 1301 2842 tit:

234 2866 313 2937 Non
329 2864 413 2930 eninr
429 2856 480 2946 sti,
499 2859 556 2950 qui
573 2879 612 2923 ex
632 2853 706 2946 lege,
725 2855 858 2926 heredes
870 2856 971 2942 sunl,
997 2860 1083 2930 item
1104 2860 1208 2933 alibir
1234 2862 1301 2932 Ar·

232 2963 391 3034 &ittuntur
404 2960 488 3026 enim
500 2952 669 3049 justificari
685 2957 840 3024 hominem
856 2959 1090 3055 perfidemstne
1105 2963 1245 3053 operibus
1256 2961 1302 3030 le·

229 3068 304 3156 gin·
331 3053 538 3132 &rursumt
568 3049 792 3139 Simnana,
818 3060 875 3150 qui
892 3081 930 3124 rx
950 3057 1029 3148 lage,
1053 3051 1186 3130 heredes
1206 3051 1302 3152 stant,

232 3174 385 3234 wacceio
405 3156 443 3250 ιβ
456 3155 550 3244 fider.
603 3149 745 3232 Etenim
763 3149 789 3226 fi
806 3173 853 3228 ex
872 3149 944 3230 flde
958 3152 1170 3247 justificatur
1188 3153 1302 3234 humo

236 3263 310 3336 line
328 3256 500 3350 operibus
516 3250 625 3348 legia,
650 3250 685 3324 δι
701 3251 862 3327 heredes
882 3273 961 3328 non
976 3251 1068 3328 fiunt
1083 3257 1152 3348 hi,
1168 3261 1226 3350 qui
1255 3281 1303 3332 cx

232 3363 314 3458 lege
330 3357 429 3447 sunt,
456 3349 645 3450 quomodo
659 3371 736 3426 nou
754 3355 976 3427 contrarium
993 3358 1189 3448 videbitur,
1202 3359 1301 3449 qnod

232 3463 271 3536 in
290 3460 465 3532 hocloco
481 3453 588 3544 dicit,
613 3445 749 3528 firmam
770 3446 840 3550 else
857 3454 1123 3545 promisionem
1142 3479 1206 3550 per
1226 3473 1300 3552 gra·

232 3561 342 3649 tiam,
367 3575 445 3628 non
469 3551 503 3626 ei
527 3563 666 3626 tautum
689 3549 835 3645 semini,
862 3554 960 3644 quod
980 3575 1024 3627 ex
1043 3558 1122 3653 lega
1141 3557 1214 3648 ast,
1241 3559 1301 3630 sed

234 3660 270 3734 or
284 3660 338 3744 ei,
364 3652 462 3747 quod
480 3671 525 3726 err
542 3647 613 3724 fide
631 3647 709 3722 esti
748 3641 796 3726 Et
813 3672 893 3726 curn
908 3654 945 3728 in
962 3651 1202 3746 superioribus
1220 3679 1300 3752 eos,

234 3763 295 3851 qul
311 3777 356 3832 ex
378 3757 457 3848 lege
478 3748 572 3842 sunt,
590 3737 755 3842 repulisse
774 3751 962 3844 videntur,
989 3754 1047 3828 hic
1066 3777 1132 3830 eoa
1150 3778 1302 3849 quomo·

232 3861 282 3931 do
302 3866 465 3942 exaequat
482 3851 558 3940 laia,
585 3867 676 3940 qraoa
699 3871 744 3922 err
762 3844 833 3924 fide
853 3850 993 3948 sperare
1015 3856 1301 3949 gratiam-dicit?

232 3957 304 4035 Sed
325 3954 410 4044 milri
431 3950 600 4044 videtur,
624 3950 725 4042 quod
753 3949 861 4026 dicit:
889 3956 988 4026 omni
1008 3956 1144 4052 lami,
1170 3982 1235 4028 non
1260 3963 1301 4038 ei,

1167 4061 1247 4155 quod
