2825 4559
176 401 181 408 ,
232 342 304 420 130
377 312 696 396 unicurtis
736 316 1146 405 COMMENTAR.

153 427 198 480 ’ἱ
226 486 332 577 iunt,
358 431 862 577 obiervabuntssdiligentius·‚
893 481 1080 574 quomodo
1101 480 1309 576 Apostolus,

174 673 179 682 Ι
228 584 361 660 dixerit
382 603 427 655 ex
448 583 621 674 operibus
645 584 734 678 legis
762 602 840 655 non
858 580 1041 676 justificari
1063 603 1207 657 omnem
1229 606 1303 658 car·

122 689 142 776 J
227 681 341 761 nem:¹
360 684 441 775 quia
461 682 505 755 ad
526 702 615 769 eos,
642 684 764 772 qui-m
789 703 897 755 carne
922 683 1018 774 sunt,
1047 702 1159 775 opera
1186 688 1304 758 carnis

226 781 409 882 iperiant3
434 782 477 854 ad
497 801 563 856 eos
582 802 696 869 vero,
724 786 781 874 qui
801 786 842 872 in
853 781 975 875 spiritu
993 782 1107 876 sunt,·
1121 783 1157 855 id
1174 782 1240 878 est,
1251 784 1304 857 su·

162 919 166 978 1
184 901 187 910 ’
224 885 392 979 periotes
410 882 555 957 ordines
573 880 766 957 coelestium
784 882 1073 974 ministeriorum,
1088 879 1205 955 sensus
1222 905 1304 977 per·

226 985 323 1058 tinet
339 984 439 1079 legis.
485 982 540 1054 Ex
556 986 695 1079 operibus
712 983 819 1079 igitur
835 984 909 1075 Iegis
929 982 1026 1073 quod
1046 1005 1109 1053 nun
1118 984 1303 1078 justificabi·

226 1100 284 1156 rur
307 1090 409 1155 omnis
426 1107 498 1153 caro
522 1088 559 1152 iu
573 1080 732 1177 consputis
749 1087 835 1180 ejus,
862 1084 935 1155 hoc
960 1082 1073 1154 modo
1098 1082 1307 1180 in.telligen·'

104 1189 108 1195 '
226 1182 312 1260 dum
327 1195 440 1279 puto:
467 1182 547 1273 quia
566 1183 764 1275 omnis,qui
782 1201 867 1255 caro
883 1180 947 1272 est,
968 1182 999 1251 dr
1017 1180 1209 1256 secundum
1224 1206 1301 1256 car·

224 1304 310 1358 nem
326 1284 444 1374 vivit,
473 1303 549 1354 non
569 1282 690 1377 potest
711 1278 892 1375 justificari
919 1302 964 1356 ex
987 1284 1067 1377 lege
1086 1282 1182 1375 Dei,
1209 1283 1300 1358 ficut

226 1384 262 1457 dt
279 1383 361 1457 alibi
377 1384 471 1456 ‘dicit
489 1383 584 1458 idem
601 1382 824 1476 Apostolus,
852 1382 954 1473 quia,
976 1406 1032 1477 qm
1047 1388 1084 1451 in
1098 1384 1297 1474 comesum,

226 1485 297 1555 Dao
317 1483 439 1580 placere
461 1507 528 1552 non
546 1479 691 1579 paffium
717 1486 803 1556 item
828 1484 928 1555 aiibi:
956 1478 1214 1577 Quiasapr'enria
1229 1510 1298 1555 car·
1326 1549 1328 1553 ,

222 1589 278 1655 aris
294 1583 479 1678 inimicari
501 1586 587 1670 Dra,
618 1585 677 1678 ugr
703 1591 787 1653 enim
812 1586 877 1652 Dei
903 1608 970 1651 non
993 1583 1032 1678 est
1047 1581 1220 1677 subjeiias
1241 1609 1298 1657 nec

222 1684 446 1780 euim'potestt
473 1683 506 1755 &
530 1681 713 1777 Propheta
736 1684 843 1753 dicit:
876 1685 989 1753 Onrnir
1005 1681 1234 1775 coro'foenum3
1261 1686 1296 1758 dt

204 1784 260 1858 ‚in
285 1781 486 1879 Evangelio
510 1780 773 1876 scriptumest:
800 1785 944 1877 Spiritus
962 1784 1019 1877 est,
1047 1790 1103 1879 qui
1121 1786 1293 1874 vivificat:

219 1907 292 1954 raro
312 1899 420 1954 aurem
435 1905 501 1954 uon
515 1884 629 1979 prodes!
645 1888 821 1979 quicquam.
849 1882 906 1956 De
926 1883 979 1955 his
997 1903 1085 1977 ergo
1102 1881 1202 1977 dicit,
1212 1886 1296 1976 quia

220 2004 265 2057 ex
284 1983 365 2080 lege
382 1982 452 2056 Dei
473 2007 539 2052 non
551 1982 774 2078 justificabitur
793 1988 898 2053 omnis
916 2005 987 2053 cara
1005 2007 1108 2051 coram
1125 1982 1196 2079 ipso.
1223 1983 1307 2076 Sed¹

222 2081 256 2154 dr
274 2083 348 2156 hoc
366 2081 464 2173 quod
483 2082 617 2156 addidit
633 2107 736 2153 coram
752 2082 832 2178 ipso,
857 2102 934 2157 non
955 2080 1074 2155 otioso
1089 2095 1293 2178 praetereat,

215 2180 310 2257 iicut
326 2183 399 2274 J‘am
416 2181 641 2274 frequentius
657 2183 925 2271 admonuimus,
953 2185 1033 2273 quia
1052 2184 1146 2255 aliud
1163 2182 1214 2255 est
1231 2205 1295 2259 co·

215 2300 291 2355 ram
312 2282 397 2355 Deo
413 2279 611 2375 justificari,
628 2283 722 2355 aliud
741 2301 863 2355 coram
883 2283 1108 2356 hominibus:
1136 2282 1210 2356 hoc
1226 2282 1291 2379 est,

217 2382 263 2454 ad
281 2381 596 2476 comparationem
613 2383 764 2456 aliorum
782 2382 968 2455 hominum
987 2381 1108 2474 potest
1125 2375 1211 2456 alius
1226 2383 1295 2457 ho·

217 2499 304 2572 mn,
331 2484 390 2574 qui
411 2484 631 2555 emendatius
648 2484 803 2573 vixerit,
826 2479 939 2574 justus
960 2481 1094 2556 videti:
1121 2481 1165 2554 ad
1193 2502 1292 2558 com·

214 2583 442 2676 parationem
458 2596 577 2655 autem
594 2581 665 2654 Dei
681 2603 756 2672 non
774 2580 886 2657 solum
900 2582 1015 2656 homo
1031 2589 1108 2666 non
1120 2579 1292 2674 iustifica-

215 2683 337 2775 bitur,
364 2680 424 2755 sed
453 2682 598 2756 &sicut
619 2683 692 2778 Job
718 2683 844 2755 dicitz·
861 2683 971 2754 Stella
985 2677 1098 2753 ‘autem
1122 2706 1189 2753 non
1205 2683 1290 2773 sunt

213 2782 336 2852 munda
361 2806 462 2853 coram
491 2784 578 2879 ipsos
612 2803 690 2871 quae
714 2784 839 2872 utique
864 2802 987 2857 coram
1010 2782 1117 2854 nobis
1146 2784 1287 2857 mundae

215 2875 319 2971 sunt,
344 2877 419 2966 hoc
442 2877 515 2972 est,
543 2881 586 2954 ad
608 2882 920 2971 comparationem
938 2870 1125 2955 hominum
1144 2884 1287 2960 munda

212 2979 391 3054 habentur
404 2980 437 3052 dt
448 2977 590 3074 santiam
616 2979 658 3051 ad
674 2982 980 3073 comparationem
995 3000 1088 3054 vero
1103 2981 1172 3054 Dei
1186 2977 1289 3057 munss

213 3079 267 3152 dae
287 3076 356 3152 effe
372 3100 449 3152 non
466 3075 623 3171 poffunt.
650 3082 707 3150 Per
722 3080 814 3173 Iegem
831 3087 915 3150 euim
932 3087 1053 3172 agnitio
1062 3089 1195 3176 peccati.
1221 3084 1288 3155 Vi-

213 3179 373 3258 deamus
383 3178 572 3271 quomodo
591 3199 656 3273 per
672 3181 787 3274 legem
806 3178 848 3253 fit
864 3182 999 3274 agnitio
1017 3182 1168 3273 peccati.
1188 3180 1285 3258 Dum

209 3293 278 3373 per
301 3280 417 3377 legem
440 3278 627 3370 discimus,
656 3282 740 3370 quid
761 3281 936 3376 agendum
954 3279 1020 3372 sit,
1047 3279 1131 3371 quid
1151 3301 1284 3356 caven·

211 3380 318 3470 dum,
353 3377 451 3452 fimul
480 3377 513 3450 dr
541 3378 624 3469 quid
651 3396 841 3472 peccatum
867 3379 929 3473 sit,
957 3380 989 3452 ἃ
1017 3380 1099 3472 quid
1127 3381 1284 3474 nonsit,

216 3474 453 3576 agnoscimus.
497 3478 590 3552 Non
605 3497 715 3572 ergo,
741 3492 782 3550 ut
800 3479 968 3553 Haeretici
989 3479 1104 3554 Deum
1121 3481 1209 3576 legis
1227 3502 1286 3553 ac·

211 3573 356 3668 cusam,
383 3581 474 3650 maia
491 3579 592 3651 radix
612 3579 663 3650 est
686 3582 744 3651 lex
768 3578 801 3650 dr
825 3582 915 3652 mala
934 3581 1066 3659 arbor,
1092 3600 1154 3672 per
1178 3599 1283 3671 quam

207 3680 348 3772 peccati
367 3680 469 3751 venit
484 3677 638 3773 agnitio:
666 3680 838 3768 quianon
858 3680 969 3756 dixit,
985 3677 1040 3751 Ex
1058 3680 1138 3775 iege
1156 3688 1282 3772 agnitio

203 3784 340 3874 peccari,
368 3773 450 3865 sed,
480 3780 539 3867 Per
555 3780 667 3871 legem,
696 3795 737 3848 ut
755 3775 865 3870 scias,'
890 3800 966 3851 non
986 3799 1031 3850 ex
1048 3779 1120 3871 ipsa
1138 3795 1276 3874 ortum,

94 3865 107 3892 '¹
204 3877 264 3951 sed
280 3874 465 3973 peripsam
485 3878 640 3973 agnitum
659 3876 729 3950 effe
748 3894 948 3970 peccatum.
976 3876 1051 3967 Ut,
1081 3879 1183 3951 verbi
1201 3901 1277 3975 gra·

138 3974 149 3985 ’
194 3980 265 4070 tia,
279 3976 322 4053 ‘d
339 3977 561 4054 diceremus:
587 3973 654 4052 Per
671 3973 786 4053 artem
803 3975 997 4056 Medicina
1011 3979 1114 4056 datur
1128 3980 1278 4074 languo-

94 4112 107 4266 ι
588 4093 608 4120 ⁶·
722 4127 724 4132 ¹
899 4093 912 4112 “·
1062 4161 1064 4166 Ι
1163 4083 1224 4153 sia
