2825 4559
130 352 134 361 ·
215 349 289 422 ιη
359 268 666 416 ῘοιιιεΕΝιε
707 324 1123 426 εοΜΜΕΝΤΑκ,,
1169 290 1202 316 “’
1314 398 1327 411 ,

173 507 176 526 ·
214 489 287 574 tius
302 488 490 587 &dignius
507 511 571 584 per
584 488 753 584 iustitiam
770 490 846 564 vita
860 491 1041 586 regnabit,
1058 490 1206 565 initium
1230 506 1289 563 ae·

216 587 353 686 cipiens
379 608 445 684 per
467 595 577 694 uniue
598 591 842 665 obedientiam
869 589 1027 680 Christia·
1052 588 1207 671 Christi,
1234 591 1287 663 in·

216 706 344 780 quam,
369 692 429 782 qui
453 691 497 763 ad
517 692 592 766 hoc
614 710 707 784 opus
728 710 805 768 uon
822 692 1045 775 conditionis
1065 689 1286 782 neceffitate,

215 785 275 863 sed
291 787 365 863 sola
381 789 609 886 miseratione·
619 803 814 886 permotus
830 789 980 864 acceffit.
1011 790 1167 885 Inferna
1186 790 1285 881 enirn

199 890 288 962 'Dei'
308 903 408 984 erat,
441 891 476 966 dt
501 890 631 966 vident
656 892 763 966 unius
788 890 945 965 hominia
972 890 1102 963 delicio
1129 902 1313 965 murtena.

123 997 127 1008 ‘
215 1005 368 1083 regnare
384 1010 451 1086 per
469 991 649 1088 populos,
675 1004 847 1067 creature
862 987 929 1062 suae
951 989 1027 1064 nou
1045 987 1287 1082 obliviscitur,

100 1149 102 1153 Α
215 1095 272 1160 aser
291 1096 437 1184 rapinam
450 1091 538 1164 ducit
552 1092 650 1184 effise
665 1093 814 1188 aqualem
833 1082 918 1184 Dedi
943 1090 1016 1162 hoc
1033 1087 1102 1181 est,
1128 1087 1284 1162 nonsibi

138 1249 141 1254 ,
214 1189 332 1283 magni
348 1188 480 1282 aliquid
496 1193 666 1286 deputat,
681 1187 866 1285 quod'ipse
882 1189 1024 1281 quidem
1040 1190 1182 1280 equalis
1199 1188 1285 1260 Deo

199 1284 252 1387 .&
269 1293 380 1364 unuin
397 1310 477 1363 cunr
496 1287 601 1364 Patre
620 1289 688 1378 est,
721 1310 820 1386 opus,
842 1309 933 1385 vero
960 1288 1056 1362 suurn
1082 1283 1285 1380 depascitur

174 1420 178 1430 ¹
213 1406 313 1464 more
327 1393 432 1462 unius
447 1390 602 1465 hominis
618 1389 768 1488 ingressa
785 1387 928 1464 desisto.
956 1389 1163 1462 Exinanivir
1176 1387 1286 1481 igitur

211 1485 345 1584 seipsum
368 1490 413 1565 de
434 1491 636 1581 equalitate
658 1492 693 1565 dt
714 1489 833 1565 forma
855 1489 950 1582 Dei,v
974 1489 1006 1561 tc
1021 1486 1114 1579 serni
1132 1485 1285 1578 suscepit

211 1585 373 1687 formam,
409 1587 512 1662 &iit
536 1590 671 1685 honio,
698 1590 742 1663 ad
769 1610 873 1679 quem
900 1588 1110 1666 tentandum
1137 1584 1288 1662 auderet

137 1726 143 1740 ι
216 1687 361 1781 quidern
384 1685 511 1763 venire
532 1692 616 1786 ilie,
650 1690 710 1784 qui
736 1692 910 1786 regnabat
935 1690 970 1761 in
998 1689 1190 1779 omnibus,
1222 1683 1285 1761 sed

214 1789 349 1862 intrare
367 1808 443 1863 non
459 1787 587 1881 posset.
620 1790 786 1864 Mortem
804 1802 923 1866 tamen
938 1787 1036 1863 istam
1054 1804 1287 1861 communem

215 1884 391 1983 suscepit,
416 1891 618 1965 cornillan
642 1892 806 1985 peccati,
832 1908 911 1982 quae
926 1877 1153 1984 regnabat'in
1172 1883 1288 1960 omni-

215 1987 307 2082 bus,
333 2005 409 2061 non
426 1990 625 2082 receperitr
653 2005 715 2078 ut,
740 1987 829 2062 sicut
848 2009 904 2082 per
927 1992 1085 2058 nominem
1108 2011 1210 2071 mors,
1238 1990 1288 2058 ira

184 2083 256 2166 U
276 2104 334 2183 prr
356 2088 512 2160 huminem
537 2084 644 2163 fieret
669 2085 854 2181 resurretio
877 2105 1098 2172 mortuorum:
1132 2085 1166 2158 dt
1195 2083 1287 2160 ficut

92 2223 97 2239 ⁴
214 2185 446 2268 trususdelissa
467 2169 565 2262 musti
585 2196 701 2260 mortui
717 2191 817 2281 stent,
850 2191 951 2261 musto
971 2192 1068 2280 magis
1084 2191 1195 2279 gratia
1223 2187 1286 2256 Der·

121 2284 123 2287 ⁴
215 2287 390 2380 &dunum
412 2293 450 2358 in
471 2291 579 2382 gratia
601 2294 698 2361 unius
721 2291 860 2361 bominis
881 2290 963 2386 Jesu
986 2289 1108 2383 Christi
1126 2292 1163 2356 in
1180 2286 1289 2380 plures

166 2450 170 2456 .
216 2386 424 2464 abundaret.
477 2387 572 2465 Non
594 2406 714 2464 aurern
738 2392 873 2482 absque
898 2388 1078 2481 profunda
1103 2381 1298 2478 supientia,¹

200 2583 201 2590 ἵ
217 2485 465 2582 quantulus
482 2491 578 2564 iuter
594 2488 776 2584 persedios
790 2490 890 2580 loqui
906 2486 941 2564 se
958 2489 1064 2579 dicit,
1091 2487 1127 2558 in
1146 2487 1220 2559 hoc
1237 2485 1291 2556 io·

217 2605 266 2662 co
282 2587 463 2664 sermones
480 2586 563 2665 suos
579 2590 789 2665 moderatus
804 2583 878 2677 est,
908 2589 941 2661 u
963 2609 1055 2681 quoe
1078 2586 1289 2665 aiibiamnee

170 2771 172 2778 ⁴
216 2686 379 2782 dixerat,
406 2690 466 2762 hic
484 2691 597 2763 mustos
614 2693 674 2764 vei
687 2693 792 2787 ptum
808 2689 1026 2783 appellavit,
1053 2686 1113 2759 ubi
1141 2705 1289 2776 compa·

214 2792 396 2865 rationem
421 2787 537 2864 diffufi
557 2793 595 2865 in
618 2811 746 2862 omnes
767 2790 932 2864 nominee
952 2788 1091 2882 peccati
1111 2785 1142 2857 n
1161 2788 1289 2858 mortis

168 2905 171 2912 '
217 2891 262 2966 ab
285 2888 533 2981 Auruncu,
560 2892 594 2963 ἁ
615 2886 879 2981 justificationis
907 2902 949 2959 ac
974 2889 1059 2959 vite
1083 2882 1290 2969 aChristoa

215 3011 265 3068 ne
284 2991 407 3081 forte,
432 2987 634 3066 srabsolute
649 2990 929 3082 pronunciaret,
956 2988 1037 3078 quia
1056 2986 1130 3079 pari
1147 2984 1291 3058 ratione

217 3107 327 3188 atque
342 3093 471 3167 eodem
489 3091 638 3181 ordine,
667 3109 741 3179 quo
765 3091 809 3161 ab
835 3086 949 3160 Adam
971 3088 1007 3157 in
1032 3105 1158 3160 omncs
1173 3083 1292 3158 homi·

216 3216 284 3274 nea
300 3214 398 3272 rnora
414 3189 538 3266 diffusa
552 3188 692 3286 peccati
710 3185 780 3279 est,
809 3188 915 3262 etiem
927 3184 1134 3277 justificatio
1151 3182 1183 3255 δι
1198 3185 1290 3276 vita,

93 3359 97 3372 ‚
217 3320 297 3392 quae
315 3320 335 3371 a
352 3293 492 3389 Christo
510 3292 583 3382 est,
598 3294 635 3365 in
651 3310 778 3361 omnes
792 3288 957 3362 homines
974 3283 1206 3370 diffunditur,
1234 3304 1292 3357 re·

101 3382 107 3397 ’
216 3396 379 3478 solveret
405 3397 609 3482 auditores,
637 3388 876 3484 &segniores
902 3383 1032 3459 fierent
1058 3405 1141 3481 erga
1164 3381 1292 3457 obser·

135 3499 138 3503 ’
218 3501 401 3590 vantianr,
427 3496 517 3570 certi
534 3495 579 3569 de
596 3490 785 3565 securitate
798 3490 904 3576 vitae,
931 3507 1008 3576 quar
1026 3486 1063 3558 in
1079 3504 1206 3558 ornnes
1222 3482 1291 3558 ho·

217 3599 336 3675 mines
352 3618 418 3692 per
435 3593 563 3670 Christi
577 3592 723 3689 gratiam
740 3587 953 3659 traderetur.
1004 3583 1052 3657 Et
1072 3584 1157 3657 ideo
1178 3585 1292 3685 repri-

217 3699 285 3777 mit
299 3696 523 3790 sennonem,
549 3692 671 3766 &non
686 3708 814 3761 omnes
831 3686 995 3759 homines
1015 3684 1127 3780 (sicut
1142 3683 1234 3757 solet
1251 3682 1291 3758 in

219 3796 382 3893 ceteris)
401 3797 528 3890 ponit,
554 3791 613 3866 sed
629 3790 786 3865 multos,
813 3786 873 3878 qui
891 3791 996 3868 unius
1013 3782 1144 3858 desisto
1161 3803 1291 3875 pecca·
1317 3871 1322 3878 ι

218 3914 321 3973 tores
345 3894 533 3971 constituti
554 3890 653 3967 sunt:
680 3888 713 3960 tr
732 3886 867 3960 rursum
883 3886 1046 3982 ingratia
1062 3884 1133 3956 Dei
1149 3882 1290 3958 donum

207 4020 284 4094 per
301 4016 412 4074 unum
428 3996 614 4108 hominem
631 3987 750 4122 iesum
764 3982 966 4083 Christum,
991 4003 1069 4060 non
1086 3985 1126 4059 in
1143 4003 1289 4155 ourendes,
