2825 4559
157 345 233 422 470
324 317 1042 408 ostensurum-neurim
1109 367 1112 372 ψ
1250 255 1252 260 ’

160 487 269 568 nobis
286 485 446 561 debitum
466 487 669 566 charitatis:
696 488 779 568 hoc,
796 487 892 560 enim
917 486 951 560 dr
977 483 1141 579 quotidie
1166 482 1237 559 sol·

81 637 88 652 „
151 607 270 670 vere,
296 584 635 679 &semper-debere
652 588 802 679 expedit
817 587 935 662 nobie.
1066 621 1071 638 ·

177 743 181 748 .
240 707 297 778 31.
326 685 494 779 Denique
511 701 652 778 quante
670 688 815 760 virtutis
835 687 1066 777 sintharius,
1092 684 1129 756 in
1147 702 1237 756 con·

164 783 394 877 sequentibus
408 789 522 880 ponit
549 791 620 882 Qui
634 795 740 876 enim,
766 788 903 878 inquit,
928 790 1034 879 diligit
1048 787 1240 880 proximum,

165 888 260 980 legem
286 887 443 983 impleuit.
496 891 585 962 Nam
603 913 669 959 nori
688 890 904 979 adulterabis,
931 912 996 957 non
1017 890 1147 963 occides,
1175 908 1240 956 non

162 988 300 1084 furtum
322 986 445 1079 feries,
472 1013 539 1059 nort
551 989 899 1086 fulsumtessimonium
916 990 1013 1075 dices,
1039 1009 1106 1056 non
1130 1009 1241 1054 contu.

163 1089 277 1188 peltes,
304 1087 342 1166 (Ἰ
356 1089 477 1185 fiqrod
493 1088 635 1185 elioldus
654 1093 859 1172 rriondatrem,
886 1089 994 1174 oilie
1011 1087 1103 1156 nerle
1121 1084 1239 1177 rellan·

167 1204 283 1262 tetur.-
315 1190 439 1283 Diliges
451 1195 629 1284 proximum
644 1207 737 1260 tuum
758 1187 911 1288 toriqudln
929 1206 961 1259 te
978 1190 1090 1281 iplirrn.
1129 1182 1179 1256 Et
1200 1183 1244 1256 ad

166 1288 335 1365 ultimum
353 1290 529 1364 rationein
546 1292 636 1362 tanti
655 1291 759 1383 hujus
776 1291 863 1363 boni
888 1290 1048 1361 breviter
1064 1286 1241 1381 colligens

170 1390 239 1462 ait:
266 1385 413 1464 Dtietito
427 1394 568 1486 proximi
587 1392 703 1461 malum
719 1415 785 1461 riou
803 1405 968 1488 operatur:
992 1388 1160 1481 plenitudo
1177 1407 1245 1478 ergo

169 1489 245 1582 legis
267 1487 308 1588 ‘ll
329 1487 465 1566 dileetio.
514 1487 630 1585 Supra
654 1491 813 1583 dixerat,
841 1490 922 1581 qula
938 1495 994 1586 qui
1011 1490 1118 1579 diligit
1135 1491 1245 1581 proxi·

170 1613 274 1676 mum,
299 1589 394 1684 legera
419 1591 591 1685 implevit:
625 1590 659 1664 bt
684 1594 765 1682 quia
791 1589 934 1665 difficile
960 1583 1244 1676 videtur‚'quo·

165 1689 286 1768 modo
302 1689 407 1785 poffit
425 1690 503 1779 quis
520 1712 664 1765 omnem
683 1696 797 1787 legem
815 1693 852 1764 in
872 1710 946 1762 uno
963 1687 1128 1762 sermone
1148 1705 1246 1758 com·

171 1791 296 1886 plere,
322 1789 550 1886 pleniffimam
576 1791 695 1866 reddit
720 1793 898 1865 rationem
927 1790 1067 1862 dicens:
1107 1784 1248 1856 Diietiie

169 1893 311 1987 proximi
338 1892 456 1960 molum
481 1915 547 1962 nort
567 1909 736 1985 operetur3
763 1892 797 1966 dt
821 1891 905 1962 ideo
925 1889 1088 1985 plenitudo
1108 1886 1189 1984 legis
1209 1884 1247 1980 ell

173 1983 312 2063 diletlio.
339 1989 442 2082 Pone
460 1992 553 2064 enim
572 2011 637 2082 per
652 1989 785 2083 singula
804 1990 969 2063 mandata
985 1989 1070 2081 legis
1088 1983 1248 2058 dilesiio·

173 2101 279 2180 nem,
306 2087 340 2160 u
360 2091 460 2179 vide,
477 2109 581 2180 quam
598 2088 705 2162 facile
721 2088 849 2162 cundia
865 2091 1104 2181 complentur.
1133 2087 1249 2159 Num-

175 2189 262 2280 quid
289 2189 350 2285 qui
376 2189 491 2284 diligit
516 2191 752 2281 proximum,
799 2189 968 2261 occidere
995 2208 1074 2261 eum
1101 2182 1249 2278 potetis

174 2287 325 2365 Certum
346 2287 418 2378 est,
445 2288 544 2381 quod
562 2309 671 2363 nemo
691 2310 796 2380 quem
814 2289 927 2385 diligit
945 2286 1150 2362 interficiet.
1187 2282 1249 2358 Est

176 2408 265 2483 ergo
293 2387 460 2480 dilectio,
487 2407 552 2484 pet
581 2410 685 2480 quam
712 2391 900 2482 impleatur
921 2389 1147 2475 mandatum,
1176 2405 1250 2476 quo

174 2489 403 2586 precipitur:
429 2493 511 2564 Non
527 2491 651 2563 occider.
695 2486 743 2563 Et
756 2492 884 2563 iterum
902 2488 1073 2576 numquid
1089 2489 1149 2577 qui
1167 2505 1250 2577 pro·

175 2590 312 2665 simum
329 2586 428 2662 suurn
445 2590 589 2685 diligit,·
602 2590 638 2663 in
656 2610 808 2663 uxorem
828 2591 902 2680 ejus
921 2587 1133 2660 adulterium
1150 2603 1250 2658 cnm·
1288 2641 1289 2646 ,

176 2687 317 2768 mittit?
349 2687 544 2780 Nunquam
569 2688 752 2783 profesio.
802 2687 838 2762 Si
865 2709 957 2782 ergo
980 2688 1102 2782 diligas
1129 2685 1252 2776 proxi·

175 2808 294 2879 mum,
321 2806 391 2859 nec
408 2789 620 2862 adulterium
641 2788 859 2864 committes.
888 2788 1055 2860 Similiter
1073 2786 1105 2857 u
1123 2788 1184 2877 qui
1203 2785 1253 2856 di-

175 2886 257 2980 ligit
283 2889 510 2977 proximum,
536 2908 613 2978 que
636 2891 712 2980 ejus
737 2887 817 2962 sunt
844 2908 920 2961 non
946 2884 1254 2976 furaturzvnqui

125 3063 128 3076 ,
178 2985 294 3080 diligit
315 2988 539 3080 proximum,
564 2987 688 3062 salsum
717 2985 886 3061 adversus
905 2982 1253 3060 eumtestitnnniunt

176 3103 254 3158 non
270 3085 368 3157 dicit.
401 3087 572 3162 Similiter
589 3088 622 3161 ἀ
639 3102 768 3160 cetera
786 3088 951 3162 mandata
966 3089 1075 3182 legis,
1102 3082 1123 3158 st
1142 3087 1184 3159 stt
1203 3103 1254 3156 er·

86 3184 92 3204 “
176 3204 222 3279 ga
239 3186 442 3278 proximum
463 3184 630 3280 dileetio,
657 3189 792 3278 absque
815 3187 935 3279 aliquo
959 3188 1086 3260 labore
1111 3181 1255 3258 servan·

177 3297 249 3363 tur.
277 3284 372 3358 Puto
391 3299 534 3377 tamen,
562 3288 661 3376 quod
680 3288 714 3362 bt
730 3290 767 3359 in
784 3288 857 3361 hoc
874 3288 994 3358 voluit
1009 3305 1078 3359 nos
1095 3284 1255 3380 Aposto-

176 3385 234 3462 lus
252 3384 383 3476 aliquid
402 3386 691 3479 compendiosius
713 3386 859 3460 discere.
895 3385 933 3462 N
937 3408 989 3461 am
1006 3386 1028 3460 st
1045 3386 1253 3479 diligentius

177 3486 365 3576 requiras,
389 3489 467 3578 quia
490 3486 532 3561 sit
555 3489 743 3579 proximus
769 3486 917 3577 noster,
946 3486 1056 3562 disces
1077 3486 1113 3557 in
1133 3482 1255 3558 Evan-

175 3586 295 3680 gelio,
320 3587 419 3658 illum
447 3584 517 3659 elle
541 3588 744 3681 proximum
769 3584 950 3682 nostrum,
978 3588 1037 3678 qui
1067 3587 1190 3675 venit,
1220 3583 1252 3656 dt

173 3685 338 3782 jacentes
364 3705 434 3759 nos
464 3687 676 3760 vulneratos
704 3708 723 3759 a
748 3689 971 3779 latronibus,
1000 3686 1032 3760 u
1056 3684 1214 3760 nudatos
1235 3705 1254 3756 t

175 3786 402 3862 demonibus
422 3787 590 3878 jumento
615 3787 784 3877 corporis
810 3784 860 3862 sui
883 3783 1130 3881 superposuit,
1159 3783 1254 3860 &nd

175 3882 352 3962 stabulum
373 3883 539 3961 Ecclessae
556 3887 718 3976 detulit,-
739 3884 978 3963 &stabulario
1000 3906 1069 3978 pro
1087 3905 1172 3960 cura
1189 3905 1255 3958 nn·
1288 3913 1289 3918 Ν

168 3982 242 4068 lira
261 3985 295 4068 dr
313 3985 504 4098 diligentia
516 3985 606 4106 (vel
620 3987 684 4094 ipsi
699 3985 831 4092 Paulo,
859 3990 921 4072 vel
938 3989 1038 4080 enni
1055 3989 1115 4088 qui
1130 3984 1256 4166 sific‘cie
