2825 4559
157 311 210 386 ss·
299 293 609 390 orrocrns
647 291 1047 398 tonnerrois.

161 458 319 536 fidelium
340 461 502 554 populo,
516 459 642 549 quibus
660 460 809 535 dicitur:
840 463 952 530 omnis
970 455 1232 554 alienigeoo,qsi

163 563 204 657 ost
224 567 260 627 in
277 561 366 631 voirs
392 568 428 631 in
445 559 542 635 modis
558 562 664 631 domus
688 562 785 647 Ilrooi
806 543 1039 643 incircumcisos
1061 556 1168 634 cordo,
1192 555 1234 626 U

92 700 96 712 κ
164 658 395 750 incircumcisus
409 683 521 744 corno,
547 684 615 729 non
630 661 779 730 introibit
795 664 832 728 irs
843 656 959 746 [ostiis.
972 680 1051 725 meo.
1078 651 1162 724 Hoc
1180 649 1233 729 est

142 761 346 844 nimirum,
372 759 470 850 quod
494 759 730 834 &Dominus
752 760 788 832 in
805 755 1006 854 Evangelio
1028 753 1132 828 dicit:
1155 754 1230 844 Qui

165 863 264 931 trent
284 869 321 929 in
340 881 404 945 ms,
431 861 582 930 mandato
597 885 663 930 mea
684 855 830 948 custodior
856 857 890 930 δι
911 862 1060 934 iterum:
1084 852 1154 946 Qui
1171 875 1232 921 ost·

159 960 410 1033 ‘diruerbomeo
428 963 509 1044 bec,
535 959 746 1053 &facilem
780 959 984 1046 &iterumi
1017 956 1105 1050 Quid
1127 967 1237 1022 ⁰⁸1⁶!
1270 981 1274 989 ·

167 1062 275 1134 dicitis
299 1061 400 1130 mihi:
430 1065 586 1140 Domino,
618 1054 773 1131 Domino!
798 1060 835 1133 Θ
851 1082 916 1126 non
929 1056 1041 1144 [acoris
1064 1075 1129 1148 qua
1145 1045 1238 1146 diro?

166 1151 281 1231 Vides
300 1177 387 1251 ergo
409 1159 541 1248 ubique
558 1154 665 1233 fidem
684 1182 764 1232 curn
786 1158 956 1250 operibus
970 1153 1084 1246 jungi,
1099 1148 1132 1224 dc
1149 1170 1250 1241 opo.

166 1279 207 1331 rs
233 1256 358 1329 sociari
381 1278 461 1332 cum
485 1254 566 1332 fide.
620 1257 749 1332 Cordis
775 1258 897 1348 itaque
918 1252 967 1326 est
992 1250 1243 1341 circumcissO,

166 1359 255 1434 nibil
271 1356 472 1447 sordidum,
493 1358 581 1431 nihil
597 1359 782 1453 indignum
797 1355 926 1430 sentire
943 1353 986 1424 de
1002 1348 1083 1425 fide.
1110 1347 1244 1442 carnis

170 1458 392 1530 circumcisio
411 1453 482 1546 est,
496 1457 587 1536 ,nihil
604 1458 836 1540 immundum,
849 1454 936 1527 nihil
952 1448 1238 1526 contaminatum

167 1559 206 1628 in
226 1576 337 1647 opere
355 1555 531 1650 gestisque
549 1559 790 1631 committere.
842 1556 915 1652 Qui
938 1556 1032 1624 enirn
1057 1550 1094 1622 in
1119 1550 1238 1622 altero

167 1655 299 1732 horum
320 1653 584 1728 incircumcisus
602 1654 764 1730 fuerit&
789 1653 1011 1733 immundus,
1037 1647 1107 1722 Dei
1134 1651 1246 1738 voci·⁴

87 1842 90 1848 ¹
169 1757 236 1830 bus
256 1755 391 1848 ingredi
407 1756 621 1846 prohibetur
643 1757 679 1827 in
696 1754 820 1830 fandis.
846 1751 1046 1848 Ingreditur
1067 1747 1239 1824 tamen&

169 1855 366 1949 alienigena
385 1855 422 1926 in
442 1851 574 1944 sanila,
602 1877 675 1944 quo
692 1876 769 1928 non
789 1856 921 1927 licebat
943 1847 1081 1946 ingredi
1104 1844 1226 1923 secun·

171 1953 255 2026 duos
273 1955 394 2046 legen-
406 1955 518 2026 litera
534 1954 596 2026 nili
612 1953 694 2026 solis
712 1953 977 2026 Sacerdotibus.
1009 1948 1126 2020 Datur
1144 1965 1239 2020 vero

168 2072 269 2130 nunc
293 2053 326 2124 dr
349 2053 573 2146 alienigenis,
601 2068 648 2125 ut·
665 2054 930 2147 ingrediantur,
956 2062 997 2121 ut
1014 2046 1083 2125 fiut
1101 2043 1241 2124 fidel&

174 2149 313 2224 stluuro
334 2153 604 2226 circumcisione
621 2156 772 2246 purgati.
826 2151 862 2223 Si
880 2150 957 2240 quis
975 2159 1094 2220 autern
1109 2164 1178 2222 nos
1197 2144 1243 2224 ad

171 2248 375 2341 superiores
392 2250 603 2341 questiones
618 2272 799 2350 revocare
814 2250 1033 2337 contendat,
1061 2243 1095 2322 ἃ
1110 2245 1244 2324 iterum
1275 2299 1279 2306 .

174 2351 282 2424 nobit
309 2352 460 2442 replicet
480 2351 574 2441 hoc,
603 2351 700 2442 quod
718 2349 883 2443 scriptum
901 2348 951 2422 est
968 2353 1013 2421 de
1031 2344 1243 2440 alienigena,

173 2449 273 2539 quod
294 2453 337 2520 ab
360 2471 406 2522 eo
424 2452 576 2528 volente
593 2452 731 2545 ingredi
748 2452 785 2524 in
806 2447 919 2526 sanna
935 2469 1010 2524 non
1029 2443 1141 2516 solum
1162 2462 1245 2518 cot-

176 2548 230 2620 dis
250 2548 493 2642 circumcisio,
512 2549 570 2623 sed
586 2550 618 2622 o
636 2553 751 2622 carnis
771 2550 945 2646 exigitur.-
972 2543 1244 2620 hulclnmole.

171 2646 225 2724 ste
243 2647 438 2739 persistenti
458 2645 683 2748 obvertimus
702 2649 736 2723 tr
753 2671 822 2726 nos
840 2649 942 2738 illud,
956 2645 1054 2739 quod
1070 2643 1244 2738 jeremias

171 2744 357 2838 Propheta
388 2750 493 2820 dicits
533 2751 610 2820 Ecce
638 2750 860 2836 incircumciso
878 2749 959 2836 suot
985 2770 1075 2818 ouras
1105 2740 1242 2822 vestrae,

124 2882 137 2893 ·
173 2843 351 2919 Ostendat
383 2848 489 2922 nobis
514 2846 579 2923 iste
611 2850 763 2922 carnslls
789 2844 1068 2920 circumcisionis
1094 2839 1242 2920 exsiles

171 2946 309 3019 aurium
333 2944 639 3020 circumcisionem
661 2946 855 3022 sensibilem
881 2945 913 3018 dt
940 2944 1188 3037 corporalem,
1216 2941 1242 3014 ii

171 3041 314 3137 potest:
347 3041 406 3118 sed
424 3060 561 3121 cercuro
581 3042 654 3136 est,
682 3046 780 3135 quod
803 3046 905 3119 nullo
930 3042 1035 3138 pailo
1059 3043 1095 3116 id
1119 3039 1243 3122 facere

172 3157 292 3231 queat,
320 3141 543 3218 Revertetur
556 3164 646 3240 ergo
663 3145 705 3220 ad
720 3147 906 3241 allegorias
926 3141 1128 3224 necessitste
1141 3158 1242 3212 conr-

169 3240 315 3341 pulsus,
342 3242 516 3333 dedicet,
542 3245 749 3322 circumcidi
766 3265 890 3336 sures,
917 3264 1020 3333 cunr,
1046 3238 1242 3318 secundum

170 3338 375 3416 Solomonis
396 3344 549 3436 monite,
566 3364 643 3418 non
661 3346 842 3437 recipiunt
860 3345 1080 3417 auditionem
1098 3359 1241 3427 verram,

169 3437 205 3512 dt
222 3459 303 3513 cum
322 3442 552 3533 oppilantur,
568 3463 616 3516 ne
631 3444 777 3518 audiant
789 3444 963 3537 judicium
978 3440 1177 3535 sanguinis;
1205 3437 1241 3516 δι

169 3559 254 3612 cunr
279 3535 612 3637 sepiuntur-spinis,
644 3564 692 3620 ne
717 3545 893 3635 recipiant
915 3539 1240 3631 obtrectationem,

169 3636 230 3710 sed
243 3651 283 3712 ut
298 3637 363 3712 soli
381 3643 497 3712 verbo
516 3640 585 3719 Dei
602 3655 768 3733 pateant,
795 3642 919 3731 obis,
937 3662 1014 3733 quae
1030 3640 1073 3712 sd
1090 3634 1240 3714 aedifica·

159 3738 309 3820 ,tionem
327 3737 506 3816 dicuntur.
558 3738 610 3811 Sit
625 3762 713 3836 ergo
733 3741 812 3827 tslis
830 3740 863 3817 dt
879 3742 938 3818 ills
953 3740 1098 3830 cordis,
1126 3738 1240 3828 qualit

168 3835 294 3913 dtbaec
310 3839 446 3911 aurion
465 3836 720 3931 circuncisio,
736 3861 813 3932 quo
836 3842 1075 3920 communiter
1093 3838 1238 3915 videtur

108 3923 131 4028 ,’
169 3933 341 4038 rugosus.
367 3935 452 4022 Hoc
470 3950 590 4038 auton
609 3941 724 4028 nodo
740 3941 773 4022 dt
788 3941 1054 4024 neutuncisus
1070 3938 1169 4116 lagg?
1188 3936 1237 4014 di·

1172 4087 1185 4136 i
