2825 4559
297 253 556 378 rnerrs'r.
586 298 667 382 au
690 294 923 388 nonan.
950 295 1052 380 tra.
1078 299 1144 400 n
1183 317 1256 390 αις

182 463 268 534 derit
284 486 414 557 regnunt
434 470 499 536 Der
514 464 553 540 θ
576 439 689 549 taret,
717 461 905 548 &caetern
955 460 1028 535 Pro
1045 461 1173 550 quibus
1190 471 1254 535 νε·

180 583 265 636 rens
289 584 335 636 ne
352 569 435 656 .quis
462 564 605 638 divitias
624 564 797 638 bonitatis
816 562 908 664 Dei,
937 561 1189 654 &patientiae,
1216 560 1253 634 dt

179 662 462 757 longanimitatis
478 679 738 752 contemnens,
765 661 956 736 secundum
973 662 1138 738 duritiem
1155 659 1251 742 suam

180 763 216 834 dr
231 759 300 834 ‘cor
315 764 542 857 impoenitens
562 763 813 836 thesaurizaret
831 763 892 835 sthi
909 763 996 835 iram
1011 765 1047 834 in
1065 761 1123 834 die
1140 761 1200 832 irae
1214 761 1251 834 da

177 863 415 936 revelationis
434 865 516 956 justi
536 863 659 955 judicii
685 861 775 954 Dei,
803 863 937 934 addidit
960 860 1141 954 postilla,
1169 879 1249 951 quan

177 960 225 1034 de
243 957 316 1034 fine
332 963 491 1036 dixerat:
519 967 632 1035 Nolite
642 965 758 1051 [educi.
788 967 1006 1054 Corrumpunt
1031 986 1128 1031 mores
1155 963 1248 1029 sonos

176 1062 327 1157 colloquia
346 1083 463 1158 prava.
517 1065 784 1158 Expergiscimini
803 1063 904 1160 jaftr',
931 1060 970 1137 (Ἰ
992 1063 1092 1132 nolite
1112 1080 1247 1155 peccare.
1275 1087 1291 1110 ·

176 1165 399 1253 Ignorantiam
416 1168 499 1242 enim
512 1167 641 1260 quidam
656 1165 786 1244 hubent,
796 1167 834 1234 ud
849 1162 1055 1254 confufinnrm
1068 1164 1154 1230 vibis
1169 1163 1246 1234 dico·

173 1260 363 1356 Agitergo
379 1278 545 1355 tanquam
561 1267 716 1356 prudens
733 1260 954 1356 dispensator
969 1262 1090 1335 verbi:
1120 1260 1245 1334 &curn

172 1363 321 1434 venerit
346 1364 389 1435 ad
409 1385 451 1436 ea
466 1365 570 1452 loca,
598 1368 635 1437 in
652 1364 779 1454 quibus
797 1362 842 1435 de
857 1363 926 1435 Dei
943 1362 1110 1436 bonitate
1126 1361 1247 1432 dicen·

171 1460 257 1534 dum
275 1460 348 1555 est,
368 1474 522 1556 propter
537 1461 717 1557 segniores
737 1460 949 1553 quosque&
968 1460 1146 1532 occultius
1165 1459 1244 1530 haec

172 1558 408 1730 &oziaurius
423 1561 586 1655 profert,
612 1584 658 1635 ne
684 1564 783 1636 sorte
809 1560 872 1656 (ut
895 1560 1068 1656 diximus)
1092 1559 1245 1632 divitias
1277 1631 1279 1636 .

171 1661 260 1732 bonr
280 1664 452 1752 atiaejus,
467 1662 501 1733 dt
516 1664 711 1753 patientie,
730 1661 1058 1755 &longanimitatis
1076 1675 1247 1732 content·

173 1773 280 1849 nant,
308 1762 341 1830 dr
355 1763 443 1834 iram
461 1761 521 1835 srbi
537 1761 779 1836 thesaurizent
794 1763 830 1833 in
849 1762 905 1834 die
921 1761 1039 1850 irae,in
1059 1780 1163 1849 quam
1182 1777 1244 1830 ne·

144 1855 264 1930 celse
291 1858 341 1931 est
364 1863 547 1935 incurrere
567 1883 716 1958 omnes,
743 1862 803 1950 qui
826 1861 887 1934 srbi
913 1860 1117 1948 hujusmodi
1145 1854 1243 1953 gesta

169 1954 501 2036 thesaurizaverint.
528 1959 647 2036 Etiam
668 1976 707 2034 tu
727 1959 806 2053 post
821 1961 897 2034 haec
916 1959 1048 2031 videris
1066 1959 1151 2049 quid
1167 1953 1242 2028 fiat.

167 2057 240 2129 Sed
263 2060 296 2130 dt
316 2061 413 2150 quod
431 2062 496 2135 ait:
532 2066 634 2158 Ulque
658 2065 698 2132 ad
720 2065 812 2154 legem
835 2066 918 2158 eninr
939 2076 1094 2155 peccatum
1112 2073 1183 2127 erat
1204 2059 1242 2126 r'n

167 2158 384 2228 hosmundo:
413 2179 570 2253 peccatum
587 2180 695 2232 nutem
712 2188 778 2232 non
795 2167 990 2258 imputatur,
1016 2159 1152 2228 cum'lex
1173 2179 1241 2232 nott
1309 2159 1311 2164 ’

166 2257 228 2351 isi,
254 2259 327 2331 hoc
341 2260 486 2331 videtur
500 2259 707 2346 ostendere,
730 2263 827 2352 quod
841 2261 949 2354 usque
967 2259 1009 2331 ad
1024 2263 1152 2356 legem,
1168 2256 1243 2330 hoe

167 2357 239 2442 est,
266 2356 451 2449 usquequo
468 2360 628 2434 Christus
645 2367 821 2451 veniret,
836 2363 895 2452 qui
920 2362 1018 2432 tollit
1044 2374 1239 2451 peccatum

166 2456 312 2549 mundi,
339 2473 529 2550 peccatum
543 2474 620 2534 erat
637 2463 674 2535 in
688 2460 836 2534 mundo.
864 2457 1095 2542 Manifestum
1112 2455 1164 2530 est
1178 2475 1237 2526 au·

167 2571 265 2648 tem,
293 2572 480 2654 peccatum
499 2580 576 2632 non
594 2563 782 2652 imputari,
809 2562 870 2633 ubi
888 2561 947 2630 lex
965 2578 1042 2632 non
1061 2555 1133 2647 est,
1160 2573 1239 2646 quae
1259 2653 1265 2668 ,

168 2673 292 2750 arguat
319 2677 562 2748 peccatorem.
592 2665 782 2750 'Regnavit
808 2674 915 2730 autam
938 2683 1039 2744 mors,
1074 2673 1238 2757 quaeper

167 2772 359 2848 peccatum
385 2758 504 2830 fuerat
529 2759 697 2854 ingressa,
725 2760 874 2856 usquead
891 2758 1044 2850 Moysen,
1070 2759 1144 2831 hoc
1171 2751 1237 2846 est,

168 2855 354 2947 usquequo
372 2858 428 2928 lex
445 2860 761 2950 permansuram
780 2865 836 2956 qui
849 2863 1056 2954 pataverunt
1066 2858 1238 2944 secundum
1266 2927 1276 2946 ς

163 2957 406 3049 fimitiradi’nem
419 2965 536 3053 peccati
546 2963 665 3045 Adam,
691 2981 757 3052 per
774 2980 879 3051 quem
895 2975 993 3034 mors
1011 2952 1082 3051 ipsa
1096 2955 1238 3046 accepit

169 3054 378 3148 ingteffum3
402 3065 459 3151 qui·
477 3058 595 3132 Adam
609 3060 717 3150 formu
728 3061 846 3150 futuri
861 3059 917 3155 esi,
944 3077 1020 3132 11011
1040 3055 1236 3132 secundum

118 3244 122 3250 .
168 3158 266 3245 quod
284 3160 538 3246 prevaricatus
557 3158 628 3249 est,
657 3159 715 3232 sed
740 3158 933 3232 secundum
955 3159 1049 3244 hoc,
1081 3156 1178 3245 quod
1196 3156 1239 3228 sr-

168 3271 231 3324 cut
261 3256 459 3347 peripsum
483 3279 602 3349 mors,
629 3261 677 3330 ita
701 3281 764 3350 per
782 3258 1005 3332 novillimum
1025 3254 1139 3326 Adam
1162 3257 1239 3329 vita

165 3352 315 3446 ingressa
338 3355 388 3427 est
411 3358 449 3427 in
472 3356 568 3431 hunc
592 3360 786 3432 mundum:
823 3358 855 3429 dr
878 3358 966 3430 srcut
990 3378 1053 3452 per
1078 3356 1238 3430 illumin

167 3473 294 3526 omnes
315 3454 481 3528 homines
500 3458 779 3551 condemnatio,
807 3459 855 3529 ita
873 3455 907 3528 dt
925 3477 988 3548 per
1006 3453 1182 3528 Christum
1199 3456 1237 3529 in

167 3573 297 3624 omnes
320 3555 485 3627 hommes
506 3556 727 3646 justificatio.
772 3558 873 3632 .Haec
899 3557 944 3630 de
970 3556 1074 3648 ipsius
1101 3556 1240 3647 eloquii

168 3652 376 3744 Apostolici
401 3659 628 3730 continentia
648 3658 738 3730 diua
759 3657 837 3729 srnt.
893 3655 1090 3729 Videamus
1117 3675 1237 3748 nunc,
1332 3733 1340 3755 Α

165 3753 251 3841 quid
274 3756 379 3825 etiam
405 3759 556 3828 interior
584 3757 713 3833 habeat
737 3754 950 3833 intelleiius.
1000 3755 1069 3828 Sed
1093 3754 1126 3827 dr
1150 3756 1239 3828 illud

165 3853 284 3944 primo
302 3853 338 3924 in
356 3856 444 3924 loco
460 3856 725 3929 admonendum
742 3872 857 3948 puto,
876 3855 975 3946 quod
993 3855 1136 3928 videtur
1150 3854 1237 3928 mihi

166 3951 367 4043 Apostolus
386 3954 514 4030 Paulus
530 3960 568 4029 in
586 3958 641 4032 hir
658 3957 838 4053 precipue
853 3957 960 4048 iocis,
971 3973 1049 4050 quae
1062 3974 1161 4127 nappe
1177 3949 1242 4028 ha··

689 4056 726 4130 0
752 4078 779 4150 4
1133 4074 1201 4127 eu·
