2825 4559
227 301 291 383 tn
312 227 491 378 trisr.
517 295 597 380 an
621 227 981 384 nouantur.
1006 295 1083 378 111.
1137 320 1207 393 141
1279 233 1282 238 ¹

134 467 313 548 summum
336 466 469 542 habere
494 458 878 538 aDeotellimonium
897 464 1050 554 meruit,
1076 463 1209 544 ditium

85 611 88 618 ·
137 570 213 654 est,
240 568 337 662 quod
357 566 457 638 Deus
475 563 563 637 esset
580 583 662 636 eum
681 582 742 653 eo,
762 562 852 638 ficut
869 564 914 638 de
931 563 1013 659 Jesu
1029 563 1138 640 Naue
1158 568 1209 640 di·
1270 649 1275 660 ,

139 672 257 752 citur}
285 669 331 738 Et
349 672 432 736 Deus
451 682 521 735 eros
536 687 608 744 cum,
620 665 693 759 ipsc,
700 664 783 762 ficut
791 663 835 756 f·
846 675 868 735 ‘t
880 691 947 736 cum
964 665 1074 759 Mopse
1083 665 1209 758 jamule

140 775 220 867 rjai.
239 837 242 842 ,
274 766 396 840 Sicubi
413 783 506 840 uero
523 763 741 857 pollicitatio
754 763 899 855 maioris
915 787 934 838 a
949 765 1035 840 Deo
1050 770 1219 866 muneris,
1301 837 1304 846 .

137 873 267 954 datur,
285 866 373 941 dicit
386 866 506 938 Deutt
536 866 582 960 Et
598 888 650 936 ero
667 869 705 933 in
726 869 789 952 tis,
813 864 852 942 U
871 867 1026 938 ambulabo
1044 873 1132 939 inter
1146 894 1207 946 aas.

136 965 287 1046 Nullam
303 981 394 1040 vero
410 968 505 1038 inter
514 965 681 1040 homines
693 967 744 1037 ita
758 967 899 1040 beatam
916 965 1014 1040 &ita
1030 966 1208 1046 excelsam

135 1070 296 1163 reperies
314 1068 485 1156 animam,¹
510 1065 574 1140 nili
592 1065 684 1150 hane
705 1064 835 1161 solam,
860 1067 896 1140 in
914 1087 984 1158 qua
998 1080 1137 1144 tantum
1156 1071 1206 1142 la-

138 1169 323 1258 titudinis,
349 1179 486 1240 tanturn
502 1166 710 1260 capacitatis
733 1165 879 1240 invenit
899 1167 1062 1242 Verbum
1081 1168 1149 1243 Dei
1171 1170 1207 1241 da

120 1270 290 1363 <Spiritus
307 1264 466 1356 santius,
491 1281 532 1337 ut
554 1285 631 1339 non
648 1262 761 1338 solum
774 1266 962 1360 babitare,
988 1265 1047 1342 sed
1074 1268 1107 1340 &
1134 1271 1206 1342 alar

138 1362 356 1464 pandere&
370 1385 475 1440 novo
489 1365 696 1439 sacramenti
711 1369 783 1438 ritu
803 1367 994 1460 aliquando
1013 1367 1119 1442 etia'm
1139 1389 1209 1441 vo-

134 1470 240 1546 litare
259 1469 410 1540 dicatur.
462 1462 604 1541 Faciem
621 1485 768 1558 quoque
786 1482 915 1540 contra
934 1465 1139 1542 seinvicem
1154 1466 1208 1541 su·
1297 1545 1300 1556 ,

135 1589 203 1664 per
220 1570 312 1642 hanc
326 1570 466 1640 beatam
483 1568 634 1642 animam
643 1563 825 1650 Cherubin
841 1580 992 1658 utraque
1008 1569 1140 1641 habere
1155 1569 1207 1642 dt.

137 1681 291 1759 cuntur,
317 1689 381 1761 per
398 1667 496 1758 quod
514 1684 673 1740 concors
693 1667 726 1737 ei
741 1665 775 1738 u
791 1667 973 1740 consonus
991 1691 1009 1738 a
1025 1667 1117 1746 Pilio
1136 1668 1207 1742 Dei

135 1770 171 1842 u
189 1791 209 1841 a
225 1768 360 1865 Spiritu
374 1763 493 1840 santio
511 1765 709 1839 divinitatis
726 1765 853 1840 sensus.
866 1767 1079 1843 infunditur.
1129 1767 1207 1842 Ubi
1259 1847 1261 1852 ,

135 1884 257 1944 autam
285 1866 537 1960 superponitur
559 1868 636 1940 haec
662 1868 778 1940 anima
803 1866 898 1941 Deo
917 1870 1046 1961 plena,
1079 1869 1207 1960 inqua

134 1971 357 2061 conplacuit
381 1969 542 2040 habitare
575 1987 721 2042 ornnem
748 1968 1006 2060 plenitudinem
1033 1965 1208 2042 deitatis?

133 2074 237 2165 Super
249 2093 354 2140 arcam
370 2068 525 2162 (inquit)
543 2067 731 2164 testamenti.
768 2067 889 2141 Potest
903 2089 984 2141 arca
1002 2065 1207 2142 testamenti
1268 2091 1276 2140 ·.

132 2167 248 2243 sanila
263 2165 340 2264 ejus
356 2189 462 2249 etro,
488 2168 525 2239 in
544 2175 613 2257 qna
629 2169 733 2241 beata
752 2168 828 2241 haec
849 2172 962 2242 anima
983 2170 1206 2259 collocatur,

133 2270 307 2363 intelligi,
340 2270 474 2341 habens
498 2270 535 2340 in
559 2264 596 2341 se
621 2267 824 2343 testimonia
850 2270 944 2362 Dei,
971 2289 1048 2361 quas
1074 2269 1206 2341 intelli·
1289 2259 1338 2336 ‘i

133 2382 270 2466 guntur
294 2366 444 2459 Christi,
471 2369 611 2458 quasin
634 2371 928 2463 carncpertulit‚
957 2368 1130 2463 passiones
1157 2370 1209 2442 di·

135 2472 232 2542 vinis
250 2469 337 2543 olim
356 2466 528 2561 prndislae
544 2467 770 2543 testimoniis.
803 2467 952 2542 Possunt
967 2472 1073 2543 etiam
1091 2469 1207 2542 virtu·

136 2586 193 2642 tes
216 2568 376 2643 celestes
402 2568 552 2662 intelligi
575 2588 655 2640 arca
680 2568 771 2651 Dei,
796 2586 874 2659 quae
898 2568 931 2641 dt
955 2567 1036 2664 ipsae
1055 2586 1205 2663 capaces
1297 2572 1300 2588 '

136 2668 280 2761 quidem
301 2667 381 2743 sunt
394 2669 509 2742 Verbi
531 2667 600 2740 Dei
615 2666 648 2739 dt
665 2666 817 2760 Spiritus
835 2665 960 2748 sansii,
984 2668 1044 2742 sed
1064 2688 1208 2765 propo·
1273 2669 1275 2673 ’

135 2771 235 2843 nitur
251 2769 302 2840 eis
321 2769 434 2843 anima
450 2765 529 2861 Jesu
571 2769 603 2840 dr
618 2765 690 2861 ipsa
706 2768 979 2858 quodammodo
997 2770 1208 2845 mediatrice

135 2870 285 2966 gratiam
302 2869 432 2942 divina
447 2868 645 2961 largitionis
660 2870 853 2960 accipiunt.
875 2867 958 2944 Post
974 2870 1068 2943 haec:
1096 2872 1143 2942 Er
1154 2878 1208 2942 in·
1297 2929 1299 2935 .

137 2969 294 3059 notescam
311 2969 371 3041 ribi
388 2968 547 3066 (inquit)
564 2971 659 3055 inde,
677 2968 715 3043 ss
731 2971 844 3066 loquar
858 2971 900 3042 ad
914 2969 947 3042 'te
963 2972 1088 3064 desuper
1100 2978 1207 3066 propi·

138 3076 284 3144 riccarii.
317 3068 405 3143 Non
427 3068 539 3141 solum
561 3067 707 3162 Moysi,
734 3069 792 3142 sed
812 3070 1055 3162 &unicuique
1072 3068 1209 3144 santio·
1306 3085 1313 3106 ‘

136 3189 240 3266 tuna,
278 3171 337 3262 qui
361 3168 513 3242 famulus
536 3167 606 3263 Dei
633 3168 709 3260 est,
744 3191 820 3242 non
843 3172 987 3243 aliunde
1010 3168 1208 3243 innotescit

134 3265 264 3363 Deua,
286 3290 356 3343 nec
370 3270 512 3341 aliunde
529 3266 781 3361 cognoscitur,
808 3271 931 3344 nilide
947 3270 1207 3365 propitiatorio

132 3368 219 3454 isto,
235 3370 333 3461 quod
352 3367 453 3460 supra
469 3367 723 3460 exposuimus,
751 3370 783 3440 dr
805 3370 987 3444 demedio
1007 3370 1206 3444 Cherubin.

134 3467 269 3546 Hoc&
285 3471 434 3542 Abacuc
452 3467 635 3559 Propheta
652 3468 845 3564 significat,
870 3473 932 3543 ubi
948 3470 1053 3544 dicit:
1082 3471 1123 3543 In
1145 3489 1208 3541 mr·

135 3571 188 3640 dio
203 3572 337 3641 duorum
350 3570 539 3638 animalium
555 3572 759 3661 cognoscaris:
784 3573 857 3640 tium
870 3576 1207 3667 appropinquaverint

133 3683 240 3757 mni,
266 3673 464 3764 cognosceris,
491 3672 529 3744 (Ἰ
545 3693 613 3738 cum
629 3668 763 3760 affuerit
779 3687 914 3767 tempus,
941 3672 1118 3766 splendetis.
1134 3674 1207 3744 Ne·
1329 3671 1331 3676 ’

135 3791 185 3840 mc
202 3771 297 3844 enim
310 3772 373 3859 scit
394 3775 543 3855 Μίνωι,-
562 3768 623 3862 nist
642 3767 768 3854 Fisus,
795 3765 833 3846 (5
857 3778 909 3841 cui
933 3775 1073 3843 voluerit
1091 3769 1206 3864 ,lilius

135 3871 289 3942 rtutsarr.
314 3869 383 3943 Sed
405 3868 582 3942 &Paulus
599 3867 708 3961 dicit,
733 3871 815 3961 quia
833 3872 921 3942 nobit
941 3875 1099 3944 revelavit
1116 3875 1205 3943 Dens

130 3989 190 4070 prr
209 3971 372 4074 Spiritu·
383 3968 487 4058 suam.
532 3966 741 4076 Propterea
752 3990 839 4070 ergo
856 3970 965 4069 dicit,
992 3971 1092 4066 quod
1108 3977 1239 4116 r'nrra·x

1052 4071 1171 4165 testoni
1269 4135 1272 4142 .
