<?xml version="1.0" encoding="UTF-8"?>
<!DOCTYPE html PUBLIC "-//W3C//DTD XHTML 1.0 Transitional//EN"
    "http://www.w3.org/TR/xhtml1/DTD/xhtml1-transitional.dtd">
<html xmlns="http://www.w3.org/1999/xhtml" xml:lang="en" lang="en">
 <head>
  <title>
</title>
<meta http-equiv="Content-Type" content="text/html;charset=utf-8" />
  <meta name='ocr-system' content='tesseract 3.04.00' />
  <meta name='ocr-capabilities' content='ocr_page ocr_carea ocr_par ocr_line ocrx_word'/>
</head>
<body>
  <div class='ocr_page' id='page_1' title='image "./operaomniasanct12unkngoog_0114.png"; bbox 0 0 2825 4559; ppageno 0'>
   <div class='ocr_carea' id='block_1_1' title="bbox 226 279 1121 402">
    <p class='ocr_par' dir='ltr' id='par_1_1' title="bbox 226 279 1121 402">
     <span class='ocr_line' id='line_1_1' title="bbox 226 279 1121 402; baseline 0.002 -38"><span class='ocrx_word' id='word_1_1' title='bbox 226 311 300 393; x_wconf 56' lang='lat'>,00</span> <span class='ocrx_word' id='word_1_2' title='bbox 389 279 677 376; x_wconf 80' lang='lat' dir='ltr'>onrunnrs</span> <span class='ocrx_word' id='word_1_3' title='bbox 720 282 1121 402; x_wconf 80' lang='lat' dir='ltr'>conrnrcnrnn.</span> 
     </span>
    </p>
   </div>
   <div class='ocr_carea' id='block_1_2' title="bbox 223 444 1291 845">
    <p class='ocr_par' dir='ltr' id='par_1_2' title="bbox 223 444 1291 845">
     <span class='ocr_line' id='line_1_2' title="bbox 226 444 1291 542; baseline -0.003 -15"><span class='ocrx_word' id='word_1_4' title='bbox 226 452 314 527; x_wconf 85' lang='lat' dir='ltr'>cibo</span> <span class='ocrx_word' id='word_1_5' title='bbox 331 447 431 523; x_wconf 77' lang='lat' dir='ltr'>furti.</span> <span class='ocrx_word' id='word_1_6' title='bbox 455 446 493 520; x_wconf 87' lang='lat' dir='ltr'>Si</span> <span class='ocrx_word' id='word_1_7' title='bbox 514 466 606 535; x_wconf 83' lang='lat' dir='ltr'>veru</span> <span class='ocrx_word' id='word_1_8' title='bbox 626 447 743 522; x_wconf 77' lang='lat' dir='ltr'>adhuc</span> <span class='ocrx_word' id='word_1_9' title='bbox 759 444 954 525; x_wconf 86' lang='lat' dir='ltr'>infirmatur</span> <span class='ocrx_word' id='word_1_10' title='bbox 976 452 1014 526; x_wconf 93' lang='lat' dir='ltr'>in</span> <span class='ocrx_word' id='word_1_11' title='bbox 1033 447 1125 542; x_wconf 83' lang='lat' dir='ltr'>fide,</span> <span class='ocrx_word' id='word_1_12' title='bbox 1144 448 1291 542; x_wconf 82' lang='lat' dir='ltr'>eloquia</span> 
     </span>
     <span class='ocr_line' id='line_1_3' title="bbox 226 546 1288 638; baseline -0.002 -12"><span class='ocrx_word' id='word_1_13' title='bbox 226 549 301 627; x_wconf 89' lang='lat' dir='ltr'>Dei</span> <span class='ocrx_word' id='word_1_14' title='bbox 317 552 355 624; x_wconf 94' lang='lat' dir='ltr'>in</span> <span class='ocrx_word' id='word_1_15' title='bbox 372 549 537 634; x_wconf 54' lang='lat' dir='ltr'>oleribus,</span> <span class='ocrx_word' id='word_1_16' title='bbox 550 546 673 628; x_wconf 77' lang='lat' dir='ltr'>sumai.</span> <span class='ocrx_word' id='word_1_17' title='bbox 710 547 868 624; x_wconf 80' lang='lat' dir='ltr'>Tantum</span> <span class='ocrx_word' id='word_1_18' title='bbox 894 549 966 636; x_wconf 89' lang='lat' dir='ltr'>est,</span> <span class='ocrx_word' id='word_1_19' title='bbox 992 564 1034 624; x_wconf 87' lang='lat' dir='ltr'>ut</span> <span class='ocrx_word' id='word_1_20' title='bbox 1048 570 1173 638; x_wconf 81' lang='lat' dir='ltr'>omnes</span> <span class='ocrx_word' id='word_1_21' title='bbox 1190 569 1288 624; x_wconf 88' lang='lat' dir='ltr'>com·</span> 
     </span>
     <span class='ocr_line' id='line_1_4' title="bbox 226 646 1289 748; baseline -0.002 -26"><span class='ocrx_word' id='word_1_22' title='bbox 226 652 383 742; x_wconf 81' lang='lat' dir='ltr'>munitet</span> <span class='ocrx_word' id='word_1_23' title='bbox 400 650 622 733; x_wconf 78' lang='lat' dir='ltr'><strong>noverimus,</strong></span> <span class='ocrx_word' id='word_1_24' title='bbox 637 649 756 745; x_wconf 73' lang='lat' dir='ltr'>eloquia</span> <span class='ocrx_word' id='word_1_25' title='bbox 776 655 838 722; x_wconf 80' lang='lat' dir='ltr'>Dei</span> <span class='ocrx_word' id='word_1_26' title='bbox 855 646 924 724; x_wconf 78' lang='lat' dir='ltr'>eise</span> <span class='ocrx_word' id='word_1_27' title='bbox 942 651 1062 748; x_wconf 69' lang='lat' dir='ltr'>eloquia</span> <span class='ocrx_word' id='word_1_28' title='bbox 1073 650 1217 746; x_wconf 55' lang='lat' dir='ltr'>casim&amp;</span> <span class='ocrx_word' id='word_1_29' title='bbox 1236 673 1289 720; x_wconf 83' lang='lat' dir='ltr'>ar·</span> 
     </span>
     <span class='ocr_line' id='line_1_5' title="bbox 223 749 1289 845; baseline 0.002 -24"><span class='ocrx_word' id='word_1_30' title='bbox 223 767 356 844; x_wconf 72' lang='lat' dir='ltr'>gentum</span> <span class='ocrx_word' id='word_1_31' title='bbox 370 755 438 842; x_wconf 80' lang='lat' dir='ltr'>igne</span> <span class='ocrx_word' id='word_1_32' title='bbox 453 754 692 834; x_wconf 75' lang='lat' dir='ltr'>examinatum,</span> <span class='ocrx_word' id='word_1_33' title='bbox 717 749 878 843; x_wconf 75' lang='lat' dir='ltr'>probarum</span> <span class='ocrx_word' id='word_1_34' title='bbox 899 766 1013 836; x_wconf 75' lang='lat' dir='ltr'>terra,</span> <span class='ocrx_word' id='word_1_35' title='bbox 1037 765 1201 845; x_wconf 76' lang='lat' dir='ltr'>purgatum</span> <span class='ocrx_word' id='word_1_36' title='bbox 1223 752 1289 845; x_wconf 70' lang='grc' dir='ltr'>[ιρ-</span> 
     </span>
    </p>
   </div>
   <div class='ocr_carea' id='block_1_3' title="bbox 165 845 1288 944">
    <p class='ocr_par' dir='ltr' id='par_1_3' title="bbox 165 845 1288 944">
     <span class='ocr_line' id='line_1_6' title="bbox 165 845 1288 944; baseline 0.005 -30"><span class='ocrx_word' id='word_1_37' title='bbox 165 909 168 914; x_wconf 88' lang='grc'><strong>,</strong></span> <span class='ocrx_word' id='word_1_38' title='bbox 226 848 371 944; x_wconf 71' lang='lat' dir='ltr'>rupium.-</span> <span class='ocrx_word' id='word_1_39' title='bbox 395 845 521 938; x_wconf 84' lang='lat' dir='ltr'>idest,</span> <span class='ocrx_word' id='word_1_40' title='bbox 545 846 639 934; x_wconf 81' lang='lat' dir='ltr'>utin</span> <span class='ocrx_word' id='word_1_41' title='bbox 651 845 832 938; x_wconf 78' lang='lat' dir='ltr'>castitate,</span> <span class='ocrx_word' id='word_1_42' title='bbox 858 847 1090 923; x_wconf 78' lang='lat' dir='ltr'>&amp;sanuitate</span> <span class='ocrx_word' id='word_1_43' title='bbox 1110 848 1228 923; x_wconf 83' lang='lat' dir='ltr'>cordis</span> <span class='ocrx_word' id='word_1_44' title='bbox 1253 849 1288 920; x_wconf 73' lang='grc' dir='ltr'>ἀ</span> 
     </span>
    </p>
   </div>
   <div class='ocr_carea' id='block_1_4' title="bbox 136 3894 1267 4047">
    <p class='ocr_par' dir='ltr' id='par_1_4' title="bbox 136 3894 1267 4047">
     <span class='ocr_line' id='line_1_7' title="bbox 136 3894 1267 4047; baseline -0.004 -52"><span class='ocrx_word' id='word_1_45' title='bbox 136 3894 145 4047; x_wconf 61' lang='grc'><strong>,</strong></span> <span class='ocrx_word' id='word_1_46' title='bbox 211 3918 403 3996; x_wconf 74' lang='lat' dir='ltr'>mendaces</span> <span class='ocrx_word' id='word_1_47' title='bbox 421 3937 500 3994; x_wconf 89' lang='lat' dir='ltr'>uun</span> <span class='ocrx_word' id='word_1_48' title='bbox 521 3917 762 4006; x_wconf 78' lang='lat' dir='ltr'>crediderunt.</span> <span class='ocrx_word' id='word_1_49' title='bbox 812 3916 907 3992; x_wconf 87' lang='lat' dir='ltr'>Nam</span> <span class='ocrx_word' id='word_1_50' title='bbox 922 3920 1003 4010; x_wconf 86' lang='lat' dir='ltr'>quia</span> <span class='ocrx_word' id='word_1_51' title='bbox 1019 3919 1136 3994; x_wconf 81' lang='lat' dir='ltr'>omnis</span> <span class='ocrx_word' id='word_1_52' title='bbox 1154 3919 1267 3993; x_wconf 82' lang='lat' dir='ltr'>home</span> 
     </span>
    </p>
   </div>
   <div class='ocr_carea' id='block_1_5' title="bbox 230 945 1288 1043">
    <p class='ocr_par' dir='ltr' id='par_1_5' title="bbox 230 945 1288 1043">
     <span class='ocr_line' id='line_1_8' title="bbox 230 945 1288 1043; baseline -0.005 -18"><span class='ocrx_word' id='word_1_53' title='bbox 230 947 395 1039; x_wconf 78' lang='lat' dir='ltr'>corporis</span> <span class='ocrx_word' id='word_1_54' title='bbox 413 945 534 1020; x_wconf 81' lang='lat' dir='ltr'>divina</span> <span class='ocrx_word' id='word_1_55' title='bbox 553 945 732 1022; x_wconf 78' lang='lat' dir='ltr'>servemus</span> <span class='ocrx_word' id='word_1_56' title='bbox 751 949 912 1042; x_wconf 85' lang='lat' dir='ltr'>eloquia.¹</span> <span class='ocrx_word' id='word_1_57' title='bbox 945 946 1089 1022; x_wconf 87' lang='lat' dir='ltr'>Credita</span> <span class='ocrx_word' id='word_1_58' title='bbox 1104 945 1182 1034; x_wconf 88' lang='lat' dir='ltr'>sunt</span> <span class='ocrx_word' id='word_1_59' title='bbox 1199 969 1288 1043; x_wconf 84' lang='lat' dir='ltr'>ergo</span> 
     </span>
    </p>
   </div>
   <div class='ocr_carea' id='block_1_6' title="bbox 200 1044 1287 1142">
    <p class='ocr_par' dir='ltr' id='par_1_6' title="bbox 200 1044 1287 1142">
     <span class='ocr_line' id='line_1_9' title="bbox 200 1044 1287 1142; baseline 0.002 -25"><span class='ocrx_word' id='word_1_60' title='bbox 200 1067 203 1073; x_wconf 88' lang='lat'>·</span> <span class='ocrx_word' id='word_1_61' title='bbox 230 1048 355 1142; x_wconf 74' lang='lat' dir='ltr'>primia</span> <span class='ocrx_word' id='word_1_62' title='bbox 377 1044 467 1139; x_wconf 77' lang='lat' dir='ltr'>iilic,</span> <span class='ocrx_word' id='word_1_63' title='bbox 494 1045 545 1122; x_wconf 87' lang='lat' dir='ltr'>de</span> <span class='ocrx_word' id='word_1_64' title='bbox 559 1048 685 1137; x_wconf 72' lang='lat' dir='ltr'>quibus</span> <span class='ocrx_word' id='word_1_65' title='bbox 707 1045 811 1142; x_wconf 86' lang='lat' dir='ltr'>supra</span> <span class='ocrx_word' id='word_1_66' title='bbox 832 1049 1004 1142; x_wconf 83' lang='lat' dir='ltr'><strong>diximus,</strong></span> <span class='ocrx_word' id='word_1_67' title='bbox 1029 1050 1172 1140; x_wconf 87' lang='lat' dir='ltr'>eloquia</span> <span class='ocrx_word' id='word_1_68' title='bbox 1193 1049 1287 1135; x_wconf 85' lang='lat' dir='ltr'>Dei;</span> 
     </span>
    </p>
   </div>
   <div class='ocr_carea' id='block_1_7' title="bbox 212 1141 1289 3912">
    <p class='ocr_par' dir='ltr' id='par_1_7' title="bbox 212 1141 1289 3912">
     <span class='ocr_line' id='line_1_10' title="bbox 231 1141 1289 1245; baseline -0.002 -23"><span class='ocrx_word' id='word_1_69' title='bbox 231 1145 294 1222; x_wconf 79' lang='lat' dir='ltr'>sed</span> <span class='ocrx_word' id='word_1_70' title='bbox 311 1145 450 1238; x_wconf 84' lang='lat' dir='ltr'>quidum</span> <span class='ocrx_word' id='word_1_71' title='bbox 469 1143 533 1239; x_wconf 91' lang='lat' dir='ltr'>(ut</span> <span class='ocrx_word' id='word_1_72' title='bbox 548 1141 657 1245; x_wconf 88' lang='lat' dir='ltr'>dicit)</span> <span class='ocrx_word' id='word_1_73' title='bbox 672 1166 751 1222; x_wconf 90' lang='lat' dir='ltr'>non</span> <span class='ocrx_word' id='word_1_74' title='bbox 766 1147 995 1224; x_wconf 84' lang='lat' dir='ltr'>crediderunt</span> <span class='ocrx_word' id='word_1_75' title='bbox 1009 1145 1084 1220; x_wconf 83' lang='lat' dir='ltr'>sive</span> <span class='ocrx_word' id='word_1_76' title='bbox 1099 1147 1197 1238; x_wconf 86' lang='lat' dir='ltr'>Deo,</span> <span class='ocrx_word' id='word_1_77' title='bbox 1214 1145 1289 1220; x_wconf 80' lang='lat' dir='ltr'>sive</span> 
     </span>
     <span class='ocr_line' id='line_1_11' title="bbox 229 1245 1288 1340; baseline -0.002 -18"><span class='ocrx_word' id='word_1_78' title='bbox 229 1247 384 1337; x_wconf 67' lang='lat' dir='ltr'>eloquiis</span> <span class='ocrx_word' id='word_1_79' title='bbox 403 1245 483 1319; x_wconf 87' lang='lat' dir='ltr'>Dei.</span> <span class='ocrx_word' id='word_1_80' title='bbox 515 1245 648 1337; x_wconf 75' lang='lat' dir='ltr'>Vides,</span> <span class='ocrx_word' id='word_1_81' title='bbox 674 1247 770 1339; x_wconf 82' lang='lat' dir='ltr'>quia,</span> <span class='ocrx_word' id='word_1_82' title='bbox 785 1246 843 1337; x_wconf 91' lang='lat' dir='ltr'>qui</span> <span class='ocrx_word' id='word_1_83' title='bbox 858 1266 934 1320; x_wconf 90' lang='lat' dir='ltr'>non</span> <span class='ocrx_word' id='word_1_84' title='bbox 950 1246 1114 1340; x_wconf 88' lang='lat' dir='ltr'>credunt,</span> <span class='ocrx_word' id='word_1_85' title='bbox 1129 1246 1190 1338; x_wconf 81' lang='lat' dir='ltr'>ipsi</span> <span class='ocrx_word' id='word_1_86' title='bbox 1208 1245 1288 1320; x_wconf 81' lang='lat' dir='ltr'>sunt</span> 
     </span>
     <span class='ocr_line' id='line_1_12' title="bbox 229 1343 1287 1439; baseline -0.008 -17"><span class='ocrx_word' id='word_1_87' title='bbox 229 1345 422 1424; x_wconf 74' lang='lat' dir='ltr'>fecundum</span> <span class='ocrx_word' id='word_1_88' title='bbox 439 1363 603 1434; x_wconf 86' lang='lat' dir='ltr'>carnem,</span> <span class='ocrx_word' id='word_1_89' title='bbox 629 1343 820 1439; x_wconf 81' lang='lat' dir='ltr'>dequibus</span> <span class='ocrx_word' id='word_1_90' title='bbox 838 1345 871 1420; x_wconf 73' lang='grc' dir='ltr'>ὰ</span> <span class='ocrx_word' id='word_1_91' title='bbox 887 1346 969 1419; x_wconf 88' lang='lat' dir='ltr'>aiibi</span> <span class='ocrx_word' id='word_1_92' title='bbox 990 1344 1095 1419; x_wconf 84' lang='lat' dir='ltr'>dicit:</span> <span class='ocrx_word' id='word_1_93' title='bbox 1127 1347 1287 1420; x_wconf 74' lang='lat' dir='ltr'>Animus</span> 
     </span>
     <span class='ocr_line' id='line_1_13' title="bbox 229 1441 1286 1544; baseline -0.006 -24"><span class='ocrx_word' id='word_1_94' title='bbox 229 1446 318 1520; x_wconf 76' lang='lat' dir='ltr'>bomo</span> <span class='ocrx_word' id='word_1_95' title='bbox 337 1467 401 1514; x_wconf 85' lang='lat' dir='ltr'>nnn</span> <span class='ocrx_word' id='word_1_96' title='bbox 414 1449 547 1542; x_wconf 71' lang='lat' dir='ltr'>percipit</span> <span class='ocrx_word' id='word_1_97' title='bbox 563 1468 631 1544; x_wconf 75' lang='lat' dir='ltr'>qua</span> <span class='ocrx_word' id='word_1_98' title='bbox 642 1444 720 1532; x_wconf 75' lang='lat' dir='ltr'>luni</span> <span class='ocrx_word' id='word_1_99' title='bbox 730 1443 866 1540; x_wconf 74' lang='lat' dir='ltr'>spiritus</span> <span class='ocrx_word' id='word_1_100' title='bbox 883 1441 950 1518; x_wconf 83' lang='lat' dir='ltr'>Dei</span> <span class='ocrx_word' id='word_1_101' title='bbox 956 1465 971 1530; x_wconf 91' lang='lat'>,·</span> <span class='ocrx_word' id='word_1_102' title='bbox 991 1443 1134 1540; x_wconf 66' lang='lat' dir='ltr'>stultitia</span> <span class='ocrx_word' id='word_1_103' title='bbox 1148 1443 1286 1539; x_wconf 65' lang='lat' dir='ltr'>animust</span> 
     </span>
     <span class='ocr_line' id='line_1_14' title="bbox 229 1539 1289 1622; baseline 0.007 -6"><span class='ocrx_word' id='word_1_104' title='bbox 229 1547 297 1621; x_wconf 81' lang='lat' dir='ltr'><strong>iiii.</strong></span> <span class='ocrx_word' id='word_1_105' title='bbox 340 1543 409 1617; x_wconf 84' lang='lat' dir='ltr'>Sed</span> <span class='ocrx_word' id='word_1_106' title='bbox 430 1543 558 1620; x_wconf 85' lang='lat' dir='ltr'>horum</span> <span class='ocrx_word' id='word_1_107' title='bbox 575 1545 806 1618; x_wconf 79' lang='lat' dir='ltr'>incredulitas</span> <span class='ocrx_word' id='word_1_108' title='bbox 821 1563 898 1617; x_wconf 90' lang='lat' dir='ltr'>non</span> <span class='ocrx_word' id='word_1_109' title='bbox 913 1558 1065 1617; x_wconf 79' lang='lat' dir='ltr'>evacuat</span> <span class='ocrx_word' id='word_1_110' title='bbox 1082 1539 1188 1617; x_wconf 83' lang='lat' dir='ltr'>fidem</span> <span class='ocrx_word' id='word_1_111' title='bbox 1205 1543 1289 1622; x_wconf 79' lang='lat' dir='ltr'>Dei.</span> 
     </span>
     <span class='ocr_line' id='line_1_15' title="bbox 228 1637 1289 1738; baseline -0.003 -18"><span class='ocrx_word' id='word_1_112' title='bbox 228 1639 353 1720; x_wconf 76' lang='lat' dir='ltr'>Fidem</span> <span class='ocrx_word' id='word_1_113' title='bbox 381 1642 536 1730; x_wconf 85' lang='lat' dir='ltr'>Deivel</span> <span class='ocrx_word' id='word_1_114' title='bbox 561 1664 639 1718; x_wconf 85' lang='lat' dir='ltr'>eum</span> <span class='ocrx_word' id='word_1_115' title='bbox 661 1644 908 1738; x_wconf 77' lang='lat' dir='ltr'>intelligimur,</span> <span class='ocrx_word' id='word_1_116' title='bbox 933 1662 1036 1733; x_wconf 87' lang='lat' dir='ltr'>quarn</span> <span class='ocrx_word' id='word_1_117' title='bbox 1054 1637 1160 1716; x_wconf 85' lang='lat' dir='ltr'>fidem</span> <span class='ocrx_word' id='word_1_118' title='bbox 1179 1642 1289 1717; x_wconf 87' lang='lat' dir='ltr'>habet</span> 
     </span>
     <span class='ocr_line' id='line_1_16' title="bbox 229 1737 1285 1834; baseline -0.004 -16"><span class='ocrx_word' id='word_1_119' title='bbox 229 1741 333 1818; x_wconf 85' lang='lat' dir='ltr'>Deus</span> <span class='ocrx_word' id='word_1_120' title='bbox 351 1744 425 1829; x_wconf 74' lang='lat' dir='ltr'>hir,</span> <span class='ocrx_word' id='word_1_121' title='bbox 450 1743 576 1833; x_wconf 84' lang='lat' dir='ltr'>quibua</span> <span class='ocrx_word' id='word_1_122' title='bbox 594 1742 710 1815; x_wconf 83' lang='lat' dir='ltr'>credit</span> <span class='ocrx_word' id='word_1_123' title='bbox 727 1743 870 1832; x_wconf 87' lang='lat' dir='ltr'>eloquia</span> <span class='ocrx_word' id='word_1_124' title='bbox 886 1738 965 1832; x_wconf 84' lang='lat' dir='ltr'>sua,</span> <span class='ocrx_word' id='word_1_125' title='bbox 992 1741 1050 1814; x_wconf 90' lang='lat' dir='ltr'>vei</span> <span class='ocrx_word' id='word_1_126' title='bbox 1068 1761 1145 1814; x_wconf 85' lang='lat' dir='ltr'>earn</span> <span class='ocrx_word' id='word_1_127' title='bbox 1164 1737 1285 1834; x_wconf 86' lang='lat' dir='ltr'>iidem,</span> 
     </span>
     <span class='ocr_line' id='line_1_17' title="bbox 230 1837 1285 1935; baseline -0.003 -21"><span class='ocrx_word' id='word_1_128' title='bbox 230 1861 300 1935; x_wconf 86' lang='lat' dir='ltr'>qua</span> <span class='ocrx_word' id='word_1_129' title='bbox 322 1839 473 1914; x_wconf 87' lang='lat' dir='ltr'>credunt</span> <span class='ocrx_word' id='word_1_130' title='bbox 493 1839 641 1931; x_wconf 81' lang='lat' dir='ltr'>Decii,</span> <span class='ocrx_word' id='word_1_131' title='bbox 667 1841 727 1932; x_wconf 84' lang='lat' dir='ltr'>qui</span> <span class='ocrx_word' id='word_1_132' title='bbox 748 1844 791 1915; x_wconf 84' lang='lat' dir='ltr'>ab</span> <span class='ocrx_word' id='word_1_133' title='bbox 815 1859 863 1914; x_wconf 90' lang='lat' dir='ltr'>eo</span> <span class='ocrx_word' id='word_1_134' title='bbox 887 1839 1030 1931; x_wconf 85' lang='lat' dir='ltr'>eloquia</span> <span class='ocrx_word' id='word_1_135' title='bbox 1046 1839 1165 1914; x_wconf 88' lang='lat' dir='ltr'>divina</span> <span class='ocrx_word' id='word_1_136' title='bbox 1183 1837 1285 1913; x_wconf 85' lang='lat' dir='ltr'>suici-</span> 
     </span>
     <span class='ocr_line' id='line_1_18' title="bbox 228 1936 1285 2038; baseline -0.005 -23"><span class='ocrx_word' id='word_1_137' title='bbox 228 1944 345 2038; x_wconf 78' lang='lat' dir='ltr'>piunt.</span> <span class='ocrx_word' id='word_1_138' title='bbox 370 1936 652 2014; x_wconf 79' lang='lat' dir='ltr'>commonemur</span> <span class='ocrx_word' id='word_1_139' title='bbox 661 1958 769 2034; x_wconf 82' lang='lat' dir='ltr'>ergo,</span> <span class='ocrx_word' id='word_1_140' title='bbox 794 1951 835 2012; x_wconf 90' lang='lat' dir='ltr'>ut</span> <span class='ocrx_word' id='word_1_141' title='bbox 850 1936 1038 2014; x_wconf 85' lang='lat' dir='ltr'>infidelitaa</span> <span class='ocrx_word' id='word_1_142' title='bbox 1053 1959 1198 2031; x_wconf 87' lang='lat' dir='ltr'>enrurn,</span> <span class='ocrx_word' id='word_1_143' title='bbox 1224 1940 1285 2029; x_wconf 85' lang='lat' dir='ltr'>qui</span> 
     </span>
     <span class='ocr_line' id='line_1_19' title="bbox 229 2037 1284 2129; baseline -0.001 -15"><span class='ocrx_word' id='word_1_144' title='bbox 229 2044 291 2114; x_wconf 80' lang='lat' dir='ltr'>uei</span> <span class='ocrx_word' id='word_1_145' title='bbox 318 2057 397 2112; x_wconf 90' lang='lat' dir='ltr'>non</span> <span class='ocrx_word' id='word_1_146' title='bbox 420 2038 598 2112; x_wconf 82' lang='lat' dir='ltr'>accedunt</span> <span class='ocrx_word' id='word_1_147' title='bbox 618 2041 662 2111; x_wconf 84' lang='lat' dir='ltr'>nd</span> <span class='ocrx_word' id='word_1_148' title='bbox 685 2037 814 2125; x_wconf 86' lang='lat' dir='ltr'>fidem,</span> <span class='ocrx_word' id='word_1_149' title='bbox 842 2040 901 2111; x_wconf 89' lang='lat' dir='ltr'>vel</span> <span class='ocrx_word' id='word_1_150' title='bbox 920 2037 1090 2112; x_wconf 87' lang='lat' dir='ltr'>decidunt</span> <span class='ocrx_word' id='word_1_151' title='bbox 1107 2060 1150 2112; x_wconf 89' lang='lat' dir='ltr'>ex</span> <span class='ocrx_word' id='word_1_152' title='bbox 1170 2059 1233 2129; x_wconf 83' lang='lat' dir='ltr'>ea,</span> <span class='ocrx_word' id='word_1_153' title='bbox 1259 2037 1284 2113; x_wconf 83' lang='lat' dir='ltr'>ir</span> 
     </span>
     <span class='ocr_line' id='line_1_20' title="bbox 227 2134 1285 2232; baseline -0.004 -18"><span class='ocrx_word' id='word_1_154' title='bbox 227 2137 327 2214; x_wconf 76' lang='lat' dir='ltr'>forte</span> <span class='ocrx_word' id='word_1_155' title='bbox 343 2136 513 2212; x_wconf 89' lang='lat' dir='ltr'>irrideant</span> <span class='ocrx_word' id='word_1_156' title='bbox 526 2157 595 2211; x_wconf 82' lang='lat' dir='ltr'>noe</span> <span class='ocrx_word' id='word_1_157' title='bbox 612 2156 637 2208; x_wconf 90' lang='grc' dir='ltr'>ο</span> <span class='ocrx_word' id='word_1_158' title='bbox 663 2154 725 2211; x_wconf 87' lang='lat' dir='ltr'>era</span> <span class='ocrx_word' id='word_1_159' title='bbox 737 2134 819 2210; x_wconf 86' lang='lat' dir='ltr'>fidei</span> <span class='ocrx_word' id='word_1_160' title='bbox 834 2150 1002 2232; x_wconf 81' lang='lat' dir='ltr'>agentes,</span> <span class='ocrx_word' id='word_1_161' title='bbox 1027 2138 1087 2211; x_wconf 91' lang='lat' dir='ltr'>vel</span> <span class='ocrx_word' id='word_1_162' title='bbox 1102 2156 1182 2211; x_wconf 91' lang='lat' dir='ltr'>curn</span> <span class='ocrx_word' id='word_1_163' title='bbox 1193 2140 1285 2231; x_wconf 82' lang='lat' dir='ltr'>jeju·</span> 
     </span>
     <span class='ocr_line' id='line_1_21' title="bbox 227 2161 1285 2330; baseline -0.002 -20"><span class='ocrx_word' id='word_1_164' title='bbox 227 2255 377 2330; x_wconf 82' lang='lat' dir='ltr'>namus,</span> <span class='ocrx_word' id='word_1_165' title='bbox 402 2237 463 2309; x_wconf 88' lang='lat' dir='ltr'>vel</span> <span class='ocrx_word' id='word_1_166' title='bbox 479 2256 560 2312; x_wconf 91' lang='lat' dir='ltr'>cum</span> <span class='ocrx_word' id='word_1_167' title='bbox 576 2161 833 2310; x_wconf 47' lang='lat' dir='ltr'>nigricordias</span> <span class='ocrx_word' id='word_1_168' title='bbox 849 2235 1019 2317; x_wconf 85' lang='lat' dir='ltr'>facimua,</span> <span class='ocrx_word' id='word_1_169' title='bbox 1043 2239 1103 2310; x_wconf 90' lang='lat' dir='ltr'>vei</span> <span class='ocrx_word' id='word_1_170' title='bbox 1119 2249 1200 2312; x_wconf 88' lang='lat' dir='ltr'>curn</span> <span class='ocrx_word' id='word_1_171' title='bbox 1216 2236 1285 2308; x_wconf 84' lang='lat' dir='ltr'>stu·</span> 
     </span>
     <span class='ocr_line' id='line_1_22' title="bbox 227 2332 1284 2430; baseline -0.004 -18"><span class='ocrx_word' id='word_1_172' title='bbox 227 2337 295 2412; x_wconf 83' lang='lat' dir='ltr'>diir</span> <span class='ocrx_word' id='word_1_173' title='bbox 320 2337 354 2408; x_wconf 76' lang='grc' dir='ltr'>δι</span> <span class='ocrx_word' id='word_1_174' title='bbox 381 2334 448 2430; x_wconf 77' lang='lat' dir='ltr'>legi</span> <span class='ocrx_word' id='word_1_175' title='bbox 475 2332 545 2408; x_wconf 88' lang='lat' dir='ltr'>Dei</span> <span class='ocrx_word' id='word_1_176' title='bbox 570 2356 716 2428; x_wconf 86' lang='lat' dir='ltr'>operam</span> <span class='ocrx_word' id='word_1_177' title='bbox 741 2334 882 2413; x_wconf 76' lang='lat' dir='ltr'>demus,</span> <span class='ocrx_word' id='word_1_178' title='bbox 915 2335 1098 2410; x_wconf 79' lang='lat' dir='ltr'>ueletiam</span> <span class='ocrx_word' id='word_1_179' title='bbox 1119 2355 1284 2427; x_wconf 87' lang='lat' dir='ltr'>cumpro</span> 
     </span>
     <span class='ocr_line' id='line_1_23' title="bbox 224 2430 1285 2527; baseline -0.002 -16"><span class='ocrx_word' id='word_1_180' title='bbox 224 2436 402 2527; x_wconf 86' lang='lat' dir='ltr'>martyrio</span> <span class='ocrx_word' id='word_1_181' title='bbox 425 2433 551 2508; x_wconf 86' lang='lat' dir='ltr'>Christi</span> <span class='ocrx_word' id='word_1_182' title='bbox 576 2447 756 2510; x_wconf 84' lang='lat' dir='ltr'>tormenta</span> <span class='ocrx_word' id='word_1_183' title='bbox 777 2430 998 2526; x_wconf 74' lang='lat' dir='ltr'>sufferimus,</span> <span class='ocrx_word' id='word_1_184' title='bbox 1022 2435 1285 2508; x_wconf 76' lang='lat' dir='ltr'>meminerimus</span> 
     </span>
     <span class='ocr_line' id='line_1_24' title="bbox 225 2529 1284 2630; baseline 0 -22"><span class='ocrx_word' id='word_1_185' title='bbox 225 2532 384 2630; x_wconf 84' lang='lat' dir='ltr'>semper,</span> <span class='ocrx_word' id='word_1_186' title='bbox 417 2533 499 2623; x_wconf 86' lang='lat' dir='ltr'>quia</span> <span class='ocrx_word' id='word_1_187' title='bbox 522 2529 714 2606; x_wconf 76' lang='lat' dir='ltr'>infidelitas</span> <span class='ocrx_word' id='word_1_188' title='bbox 740 2551 868 2605; x_wconf 88' lang='lat' dir='ltr'>eorum</span> <span class='ocrx_word' id='word_1_189' title='bbox 892 2529 998 2607; x_wconf 86' lang='lat' dir='ltr'>fidem</span> <span class='ocrx_word' id='word_1_190' title='bbox 1025 2530 1112 2619; x_wconf 89' lang='lat' dir='ltr'>Dei,</span> <span class='ocrx_word' id='word_1_191' title='bbox 1145 2554 1221 2624; x_wconf 86' lang='lat' dir='ltr'>quae</span> <span class='ocrx_word' id='word_1_192' title='bbox 1245 2535 1284 2609; x_wconf 86' lang='lat' dir='ltr'>in</span> 
     </span>
     <span class='ocr_line' id='line_1_25' title="bbox 226 2628 1284 2724; baseline -0.002 -16"><span class='ocrx_word' id='word_1_193' title='bbox 226 2637 333 2708; x_wconf 79' lang='lat' dir='ltr'>nobie</span> <span class='ocrx_word' id='word_1_194' title='bbox 350 2631 421 2718; x_wconf 85' lang='lat' dir='ltr'>est,</span> <span class='ocrx_word' id='word_1_195' title='bbox 437 2653 512 2706; x_wconf 90' lang='lat' dir='ltr'>non</span> <span class='ocrx_word' id='word_1_196' title='bbox 529 2646 693 2708; x_wconf 84' lang='lat' dir='ltr'>evacuat.</span> <span class='ocrx_word' id='word_1_197' title='bbox 720 2630 804 2724; x_wconf 74' lang='lat' dir='ltr'>Pon</span> <span class='ocrx_word' id='word_1_198' title='bbox 817 2632 893 2704; x_wconf 83' lang='lat' dir='ltr'>haec</span> <span class='ocrx_word' id='word_1_199' title='bbox 909 2631 1007 2722; x_wconf 88' lang='lat' dir='ltr'>quod</span> <span class='ocrx_word' id='word_1_200' title='bbox 1022 2628 1196 2724; x_wconf 81' lang='lat' dir='ltr'>sequitur,</span> <span class='ocrx_word' id='word_1_201' title='bbox 1221 2634 1284 2707; x_wconf 89' lang='lat' dir='ltr'>mi·</span> 
     </span>
     <span class='ocr_line' id='line_1_26' title="bbox 224 2729 1281 2828; baseline -0.003 -20"><span class='ocrx_word' id='word_1_202' title='bbox 224 2751 293 2808; x_wconf 80' lang='lat' dir='ltr'>nur</span> <span class='ocrx_word' id='word_1_203' title='bbox 306 2733 447 2824; x_wconf 87' lang='lat' dir='ltr'>quidem</span> <span class='ocrx_word' id='word_1_204' title='bbox 461 2729 1039 2828; x_wconf 71' lang='lat' dir='ltr'>compusrtevideturadjuniium</span> <span class='ocrx_word' id='word_1_205' title='bbox 1064 2733 1151 2805; x_wconf 91' lang='lat' dir='ltr'>dicit</span> <span class='ocrx_word' id='word_1_206' title='bbox 1166 2733 1281 2805; x_wconf 82' lang='lat' dir='ltr'>enim:</span> 
     </span>
     <span class='ocr_line' id='line_1_27' title="bbox 226 2830 1280 2926; baseline -0.002 -22"><span class='ocrx_word' id='word_1_207' title='bbox 226 2834 306 2904; x_wconf 77' lang='lat' dir='ltr'>Fun</span> <span class='ocrx_word' id='word_1_208' title='bbox 322 2849 425 2900; x_wconf 81' lang='lat' dir='ltr'>curem</span> <span class='ocrx_word' id='word_1_209' title='bbox 444 2837 533 2905; x_wconf 79' lang='lat' dir='ltr'>Deus</span> <span class='ocrx_word' id='word_1_210' title='bbox 549 2857 667 2917; x_wconf 80' lang='lat' dir='ltr'>verax,</span> <span class='ocrx_word' id='word_1_211' title='bbox 692 2835 794 2900; x_wconf 80' lang='lat' dir='ltr'>omnis</span> <span class='ocrx_word' id='word_1_212' title='bbox 811 2847 915 2900; x_wconf 75' lang='lat' dir='ltr'>aurem</span> <span class='ocrx_word' id='word_1_213' title='bbox 931 2830 1019 2900; x_wconf 71' lang='lat' dir='ltr'>hom</span> <span class='ocrx_word' id='word_1_214' title='bbox 1034 2834 1184 2916; x_wconf 74' lang='lat' dir='ltr'>mendax,</span> <span class='ocrx_word' id='word_1_215' title='bbox 1200 2833 1280 2926; x_wconf 80' lang='lat' dir='ltr'>ficui</span> 
     </span>
     <span class='ocr_line' id='line_1_28' title="bbox 219 2928 1279 3027; baseline 0.002 -29"><span class='ocrx_word' id='word_1_216' title='bbox 219 2931 371 3026; x_wconf 76' lang='lat' dir='ltr'>scriptum</span> <span class='ocrx_word' id='word_1_217' title='bbox 390 2932 450 3027; x_wconf 74' lang='lat' dir='ltr'>eft:</span> <span class='ocrx_word' id='word_1_218' title='bbox 482 2935 527 3002; x_wconf 84' lang='lat' dir='ltr'>Ur</span> <span class='ocrx_word' id='word_1_219' title='bbox 536 2931 716 3026; x_wconf 72' lang='lat' dir='ltr'>justificeris</span> <span class='ocrx_word' id='word_1_220' title='bbox 733 2933 771 2997; x_wconf 90' lang='lat' dir='ltr'>in</span> <span class='ocrx_word' id='word_1_221' title='bbox 785 2928 974 3016; x_wconf 80' lang='lat' dir='ltr'>sermonibus</span> <span class='ocrx_word' id='word_1_222' title='bbox 989 2932 1074 3016; x_wconf 68' lang='lat' dir='ltr'>uuir,</span> <span class='ocrx_word' id='word_1_223' title='bbox 1100 2930 1138 3006; x_wconf 66' lang='grc' dir='ltr'>θ</span> <span class='ocrx_word' id='word_1_224' title='bbox 1157 2935 1279 3018; x_wconf 83' lang='lat' dir='ltr'>vinces,</span> 
     </span>
     <span class='ocr_line' id='line_1_29' title="bbox 223 3025 1280 3127; baseline 0.005 -27"><span class='ocrx_word' id='word_1_225' title='bbox 223 3054 292 3100; x_wconf 82' lang='lat' dir='ltr'>cum</span> <span class='ocrx_word' id='word_1_226' title='bbox 303 3033 471 3127; x_wconf 72' lang='lat' dir='ltr'>judicaris.</span> <span class='ocrx_word' id='word_1_227' title='bbox 520 3025 660 3101; x_wconf 88' lang='lat' dir='ltr'>Tamen</span> <span class='ocrx_word' id='word_1_228' title='bbox 673 3029 736 3100; x_wconf 83' lang='lat' dir='ltr'>tali</span> <span class='ocrx_word' id='word_1_229' title='bbox 753 3028 899 3117; x_wconf 87' lang='lat' dir='ltr'>quadam</span> <span class='ocrx_word' id='word_1_230' title='bbox 917 3028 1210 3102; x_wconf 86' lang='lat' dir='ltr'>circumflexione</span> <span class='ocrx_word' id='word_1_231' title='bbox 1229 3027 1280 3106; x_wconf 87' lang='lat' dir='ltr'>su·</span> 
     </span>
     <span class='ocr_line' id='line_1_30' title="bbox 222 3125 1278 3221; baseline 0.002 -21"><span class='ocrx_word' id='word_1_232' title='bbox 222 3129 425 3221; x_wconf 82' lang='lat' dir='ltr'>perioribus</span> <span class='ocrx_word' id='word_1_233' title='bbox 442 3128 477 3200; x_wconf 94' lang='lat' dir='ltr'>id</span> <span class='ocrx_word' id='word_1_234' title='bbox 494 3127 857 3219; x_wconf 84' lang='lat' dir='ltr'>aptaretentabimus.</span> <span class='ocrx_word' id='word_1_235' title='bbox 890 3125 1016 3218; x_wconf 88' lang='lat' dir='ltr'>Licet,</span> <span class='ocrx_word' id='word_1_236' title='bbox 1042 3129 1175 3220; x_wconf 89' lang='lat' dir='ltr'>inquit,</span> <span class='ocrx_word' id='word_1_237' title='bbox 1201 3149 1278 3202; x_wconf 89' lang='lat' dir='ltr'>nun</span> 
     </span>
     <span class='ocr_line' id='line_1_31' title="bbox 222 3223 1277 3318; baseline 0 -18"><span class='ocrx_word' id='word_1_238' title='bbox 222 3229 439 3301; x_wconf 85' lang='lat' dir='ltr'>crediderint</span> <span class='ocrx_word' id='word_1_239' title='bbox 457 3227 597 3317; x_wconf 86' lang='lat' dir='ltr'>quidam</span> <span class='ocrx_word' id='word_1_240' title='bbox 613 3225 833 3318; x_wconf 86' lang='lat' dir='ltr'>Judaeorurn,</span> <span class='ocrx_word' id='word_1_241' title='bbox 866 3225 911 3298; x_wconf 90' lang='lat' dir='ltr'>de</span> <span class='ocrx_word' id='word_1_242' title='bbox 930 3223 1139 3300; x_wconf 77' lang='lat' dir='ltr'>infidelitate</span> <span class='ocrx_word' id='word_1_243' title='bbox 1159 3239 1277 3300; x_wconf 89' lang='lat' dir='ltr'>tamen</span> 
     </span>
     <span class='ocr_line' id='line_1_32' title="bbox 220 3321 1277 3417; baseline 0 -18"><span class='ocrx_word' id='word_1_244' title='bbox 220 3347 348 3399; x_wconf 87' lang='lat' dir='ltr'>eorum</span> <span class='ocrx_word' id='word_1_245' title='bbox 362 3326 552 3398; x_wconf 88' lang='lat' dir='ltr'>dicendum</span> <span class='ocrx_word' id='word_1_246' title='bbox 567 3321 637 3417; x_wconf 90' lang='lat' dir='ltr'>est,</span> <span class='ocrx_word' id='word_1_247' title='bbox 663 3325 761 3417; x_wconf 87' lang='lat' dir='ltr'>quod</span> <span class='ocrx_word' id='word_1_248' title='bbox 779 3322 877 3397; x_wconf 85' lang='lat' dir='ltr'>Deus</span> <span class='ocrx_word' id='word_1_249' title='bbox 892 3326 1033 3416; x_wconf 88' lang='lat' dir='ltr'>quidem</span> <span class='ocrx_word' id='word_1_250' title='bbox 1048 3323 1142 3400; x_wconf 78' lang='lat' dir='ltr'>solus</span> <span class='ocrx_word' id='word_1_251' title='bbox 1159 3325 1201 3398; x_wconf 88' lang='lat' dir='ltr'>fit</span> <span class='ocrx_word' id='word_1_252' title='bbox 1216 3348 1277 3399; x_wconf 90' lang='lat' dir='ltr'>ve·</span> 
     </span>
     <span class='ocr_line' id='line_1_33' title="bbox 220 3422 1277 3516; baseline 0.004 -20"><span class='ocrx_word' id='word_1_253' title='bbox 220 3446 305 3506; x_wconf 82' lang='lat' dir='ltr'>rax,</span> <span class='ocrx_word' id='word_1_254' title='bbox 331 3428 447 3496; x_wconf 83' lang='lat' dir='ltr'>ornnis</span> <span class='ocrx_word' id='word_1_255' title='bbox 470 3437 587 3498; x_wconf 85' lang='lat' dir='ltr'>autern</span> <span class='ocrx_word' id='word_1_256' title='bbox 613 3424 728 3498; x_wconf 92' lang='lat' dir='ltr'>homo</span> <span class='ocrx_word' id='word_1_257' title='bbox 749 3422 791 3496; x_wconf 86' lang='lat' dir='ltr'>srt</span> <span class='ocrx_word' id='word_1_258' title='bbox 813 3425 986 3497; x_wconf 85' lang='lat' dir='ltr'>mendax:</span> <span class='ocrx_word' id='word_1_259' title='bbox 1019 3425 1118 3516; x_wconf 87' lang='lat' dir='ltr'>quia,</span> <span class='ocrx_word' id='word_1_260' title='bbox 1144 3424 1277 3500; x_wconf 79' lang='lat' dir='ltr'>etiamn</span> 
     </span>
     <span class='ocr_line' id='line_1_34' title="bbox 219 3519 1275 3616; baseline 0.003 -21"><span class='ocrx_word' id='word_1_261' title='bbox 219 3527 298 3614; x_wconf 83' lang='lat' dir='ltr'>quis</span> <span class='ocrx_word' id='word_1_262' title='bbox 314 3521 421 3613; x_wconf 84' lang='lat' dir='ltr'>justus</span> <span class='ocrx_word' id='word_1_263' title='bbox 439 3520 510 3616; x_wconf 90' lang='lat' dir='ltr'>est,</span> <span class='ocrx_word' id='word_1_264' title='bbox 536 3521 676 3598; x_wconf 81' lang='lat' dir='ltr'>neceiie</span> <span class='ocrx_word' id='word_1_265' title='bbox 693 3519 743 3596; x_wconf 89' lang='lat' dir='ltr'>est</span> <span class='ocrx_word' id='word_1_266' title='bbox 759 3537 899 3611; x_wconf 90' lang='lat' dir='ltr'>tamen,</span> <span class='ocrx_word' id='word_1_267' title='bbox 925 3525 1019 3595; x_wconf 91' lang='lat' dir='ltr'>utin</span> <span class='ocrx_word' id='word_1_268' title='bbox 1038 3525 1155 3615; x_wconf 90' lang='lat' dir='ltr'>aliquo</span> <span class='ocrx_word' id='word_1_269' title='bbox 1174 3545 1193 3595; x_wconf 93' lang='lat' dir='ltr'>a</span> <span class='ocrx_word' id='word_1_270' title='bbox 1211 3545 1275 3598; x_wconf 88' lang='lat' dir='ltr'>ve·</span> 
     </span>
     <span class='ocr_line' id='line_1_35' title="bbox 216 3616 1274 3720; baseline 0.003 -27"><span class='ocrx_word' id='word_1_271' title='bbox 216 3625 325 3694; x_wconf 85' lang='lat' dir='ltr'>ritate</span> <span class='ocrx_word' id='word_1_272' title='bbox 340 3621 499 3710; x_wconf 84' lang='lat' dir='ltr'>decidat,</span> <span class='ocrx_word' id='word_1_273' title='bbox 524 3641 628 3712; x_wconf 80' lang='lat' dir='ltr'>quam</span> <span class='ocrx_word' id='word_1_274' title='bbox 644 3623 681 3695; x_wconf 94' lang='lat' dir='ltr'>in</span> <span class='ocrx_word' id='word_1_275' title='bbox 698 3621 864 3700; x_wconf 76' lang='lat' dir='ltr'>omnibus</span> <span class='ocrx_word' id='word_1_276' title='bbox 881 3616 1023 3694; x_wconf 87' lang='lat' dir='ltr'>servare</span> <span class='ocrx_word' id='word_1_277' title='bbox 1039 3621 1200 3720; x_wconf 75' lang='lat' dir='ltr'>humanu</span> <span class='ocrx_word' id='word_1_278' title='bbox 1213 3643 1274 3696; x_wconf 88' lang='lat' dir='ltr'>na-</span> 
     </span>
     <span class='ocr_line' id='line_1_36' title="bbox 216 3717 1273 3817; baseline 0.003 -24"><span class='ocrx_word' id='word_1_279' title='bbox 216 3733 306 3794; x_wconf 77' lang='lat' dir='ltr'>ture</span> <span class='ocrx_word' id='word_1_280' title='bbox 329 3743 421 3813; x_wconf 85' lang='lat' dir='ltr'>pene</span> <span class='ocrx_word' id='word_1_281' title='bbox 443 3721 651 3811; x_wconf 86' lang='lat' dir='ltr'>impoiiibiie</span> <span class='ocrx_word' id='word_1_282' title='bbox 674 3717 736 3792; x_wconf 82' lang='lat' dir='ltr'>est.</span> <span class='ocrx_word' id='word_1_283' title='bbox 788 3720 884 3817; x_wconf 86' lang='lat' dir='ltr'>Quia</span> <span class='ocrx_word' id='word_1_284' title='bbox 911 3739 999 3814; x_wconf 80' lang='lat' dir='ltr'>ergo</span> <span class='ocrx_word' id='word_1_285' title='bbox 1018 3721 1134 3793; x_wconf 86' lang='lat' dir='ltr'>omnis</span> <span class='ocrx_word' id='word_1_286' title='bbox 1158 3723 1273 3796; x_wconf 86' lang='lat' dir='ltr'>homo</span> 
     </span>
     <span class='ocr_line' id='line_1_37' title="bbox 212 3817 1272 3912; baseline -0.001 -18"><span class='ocrx_word' id='word_1_287' title='bbox 212 3821 366 3894; x_wconf 86' lang='lat' dir='ltr'>mendax</span> <span class='ocrx_word' id='word_1_288' title='bbox 381 3817 446 3911; x_wconf 88' lang='lat' dir='ltr'>est,</span> <span class='ocrx_word' id='word_1_289' title='bbox 460 3835 653 3911; x_wconf 84' lang='lat' dir='ltr'>propterea</span> <span class='ocrx_word' id='word_1_290' title='bbox 672 3818 877 3912; x_wconf 71' lang='lat' dir='ltr'>Judaeorum</span> <span class='ocrx_word' id='word_1_291' title='bbox 894 3819 1033 3908; x_wconf 87' lang='lat' dir='ltr'>quidam</span> <span class='ocrx_word' id='word_1_292' title='bbox 1051 3833 1091 3892; x_wconf 84' lang='lat' dir='ltr'>ut</span> <span class='ocrx_word' id='word_1_293' title='bbox 1105 3819 1272 3905; x_wconf 76' lang='lat' dir='ltr'>homines</span> 
     </span>
    </p>
   </div>
   <div class='ocr_carea' id='block_1_8' title="bbox 1117 4035 1216 4092">
    <p class='ocr_par' dir='ltr' id='par_1_8' title="bbox 1117 4035 1216 4092">
     <span class='ocr_line' id='line_1_38' title="bbox 1117 4035 1216 4092; baseline -0.03 0"><span class='ocrx_word' id='word_1_294' title='bbox 1117 4035 1216 4092; x_wconf 67' lang='lat' dir='ltr'>men·</span> 
     </span>
    </p>
   </div>
   <div class='ocr_carea' id='block_1_9' title="bbox 136 4095 336 4155">
    <p class='ocr_par' dir='ltr' id='par_1_9' title="bbox 136 4095 336 4155">
     <span class='ocr_line' id='line_1_39' title="bbox 136 4095 336 4155; baseline 0 -52"><span class='ocrx_word' id='word_1_295' title='bbox 136 4095 336 4155; x_wconf 39' lang='grc' dir='ltr'>μ..</span> 
     </span>
    </p>
   </div>
   <div class='ocr_carea' id='block_1_10' title="bbox 0 0 1418 4559">
    <p class='ocr_par' dir='ltr' id='par_1_10' title="bbox 0 0 1418 4559">
     <span class='ocr_line' id='line_1_40' title="bbox 0 0 1418 4559; baseline 0 4"><span class='ocrx_word' id='word_1_296' title='bbox 0 0 1418 4559; x_wconf 95' lang='lat' dir='ltr'> </span> 
     </span>
    </p>
   </div>
  </div>
 </body>
</html>
