2825 4559
632 233 640 292 l

237 345 286 442 ad
397 357 687 442 outosurs
726 331 1131 446 conueniente
1256 413 1258 419 -

237 555 295 608 ea,
320 552 387 624 qua
408 523 500 616 falla
512 527 593 616 sunt
615 529 721 601 etium
740 548 759 598 a
780 525 985 602 Gentilibus
1004 531 1146 622 potuit,
1173 527 1309 622 &serre

231 637 363 726 piterna
390 633 457 724 ejus
482 632 595 701 virtus
628 653 661 699 ac
685 629 870 713 divinitas3
904 629 1077 716 voluntas
1106 649 1197 711 vero
1223 634 1300 726 ejus

235 750 311 802 non
338 729 401 802 nili
423 749 467 800 ex
485 728 584 822 Lege
604 719 834 822 cognoscitur
855 724 1109 821 &Prophetis
1159 730 1300 808 Verum

237 833 407 920 quoniam
428 828 462 898 dr
481 829 523 899 sd
543 848 714 922 poenam,
732 827 766 898 dr
784 829 827 900 ad
844 828 1022 920 praemiurn
1046 828 1188 922 Judaeos
1213 851 1301 923 pro-

197 935 203 948 “
235 923 327 1015 fert,
354 926 387 998 n
411 924 769 1019 Graecospostponit
793 924 1017 1018 Apostolus,
1043 929 1299 1019 requirendum

235 1027 286 1097 eli
308 1047 399 1116 quos
416 1027 474 1106 hic
492 1025 669 1120 Graecos,
696 1041 789 1118 quos
807 1025 950 1119 Judaeos
968 1027 1057 1099 velit
1074 1028 1234 1126 intelligi.
1261 1027 1298 1102 si

235 1129 319 1197 illos
345 1126 432 1197 dicit
454 1125 621 1218 Judaeos,
656 1126 715 1216 qui
740 1126 857 1200 adhuc
879 1122 941 1196 sub
965 1126 1045 1216 lege
1068 1124 1169 1219 sunt,
1194 1128 1229 1199 dt
1254 1126 1300 1200 td

211 1291 213 1295 .
235 1224 412 1296 Christum
429 1244 503 1297 non
520 1226 694 1314 veniunt,
711 1224 744 1297 &
761 1222 979 1297 Christianos
996 1223 1158 1318 Gtaecos,
1177 1227 1213 1298 id
1232 1225 1299 1318 est,

103 1385 107 1394 .
206 1361 209 1366 ·
234 1326 294 1414 qui
314 1345 358 1394 ex
376 1321 554 1396 Gentibus
573 1325 746 1403 credunt,
772 1325 918 1396 videtur
939 1339 1068 1396 contra
1086 1329 1200 1399 totius
1215 1347 1299 1417 any·

230 1424 327 1499 stetii
355 1425 479 1494 venire
502 1422 723 1496 sententiam.
776 1424 979 1522 Quomodo
1004 1428 1098 1498 enirn
1120 1423 1169 1496 illi
1192 1425 1298 1518 primi

232 1526 400 1596 dicentur
428 1523 472 1594 de
503 1525 630 1614 quibus
656 1521 787 1598 diuum
811 1521 879 1595 est:
909 1524 984 1594 Ecca
1007 1540 1105 1594 erunt
1123 1529 1221 1618 primi
1242 1548 1301 1596 aro·

231 1649 272 1693 su
302 1631 381 1705 tmi5
408 1622 441 1694 &
461 1624 504 1693 ad
523 1623 621 1711 quod
639 1625 768 1695 iterum
791 1621 897 1694 dicit:
917 1625 1002 1702 ‚Este
1025 1625 1224 1719 relinquetur
1242 1649 1300 1694 vo·

230 1724 279 1798 his
299 1727 401 1791 domus
418 1722 522 1812 uelim
538 1720 685 1802 detersa?
713 1719 761 1793 Et
777 1722 928 1811 iterum,
955 1742 1036 1798 cunr
1053 1722 1299 1798 acceffillet·-ad

232 1822 423 1898 ficulneam
439 1819 630 1925 Salvator,
657 1824 693 1894 in
713 1841 781 1912 qua
798 1840 876 1894 non
893 1823 1035 1895 invenit
1054 1823 1228 1914 frustum,
1248 1822 1300 1896 di·

231 1925 308 2012 xit,
326 1923 415 2011 .quia
430 1945 596 2014 nunquam
611 1948 650 1990 ex
667 1935 700 1992 ts
711 1920 841 2011 fractius
861 1923 1018 2008 nascatur.
1068 1921 1118 1995 Et
1129 1923 1210 1995 'duo
1231 1933 1299 2014 ρο·

230 2023 307 2115 puli
326 2022 363 2093 in
382 2036 488 2092 utero
509 2019 685 2093 Rebecca
707 2021 996 2114 designabantur,
1023 2043 1067 2094 ex
1088 2023 1217 2113 quibus
1246 2021 1299 2092 di·

232 2122 350 2206 citur,
378 2125 460 2211 quia
479 2123 578 2214 major
592 2124 717 2209 seruiet
732 2126 871 2204 minori,
898 2122 1067 2194 &minor
1079 2124 1219 2214 accepit
1235 2120 1300 2192 be·
1327 2171 1329 2176 .

230 2219 472 2293 neditlionean
494 2221 677 2311 primatus.
731 2219 850 2310 Sed&
868 2221 933 2292 alia
948 2219 1139 2293 secundum
1157 2222 1230 2293 hoc
1243 2220 1297 2294 in-

229 2339 378 2392 numera
398 2321 435 2391 in
456 2318 649 2410 scripturis
668 2321 845 2393 invenies.
895 2317 931 2392 Si
949 2339 1041 2391 veto
1056 2320 1197 2406 Judaeos
1211 2339 1302 2412 nos,

229 2419 267 2490 id
285 2417 352 2501 est,
369 2416 588 2490 Christianos
609 2421 786 2512 appellat,
814 2419 847 2490 dr
869 2438 954 2508 eos,
982 2419 1042 2508 qui
1057 2439 1102 2490 ex
1120 2418 1220 2491 omni
1237 2439 1301 2513 ge-
1335 2467 1336 2472 Ν

229 2538 319 2592 nere
335 2516 585 2607 crediderunt,
613 2539 705 2607 quos
723 2516 795 2610 ipse
809 2518 895 2590 dicit
912 2519 950 2590 in
968 2519 1119 2591 occulto
1137 2517 1299 2614 Judaeos,

229 2616 343 2690 restat
361 2631 402 2687 ut
424 2615 573 2688 Graecos
594 2615 871 2692 .Gentiles'illos
899 2618 1016 2709 dicat,
1044 2620 1108 2709 qui
1131 2617 1298 2692 nondum

232 2717 474 2789 crediderunt.
529 2715 598 2788 Sed
618 2717 807 2808 quomodo
824 2716 1023 2807 Apostolus
1040 2730 1176 2791 tantam
1198 2718 1295 2811 spem

230 2815 411 2888 Gentibus
428 2817 590 2888 nonduin
611 2818 843 2892 credentibus
868 2819 995 2907 ponit,
1025 2835 1106 2888 cum
1124 2812 1297 2888 Ecclesia·

228 2913 314 2988 stica
337 2916 459 3011 regula
483 2916 649 2986 videatur
679 2912 871 2998 obsistere,
899 2934 976 3003 quae
1000 2911 1144 3006 statuit,
1169 2927 1212 2988 ut
1234 2913 1297 3008 ulfi

228 3020 299 3112 quir
320 3011 570 3104 renaturfuetit
585 3038 622 3082 ex
638 3038 740 3110 aquo,
766 3015 804 3088 (¹7
824 3016 951 3106 Spiritu
963 3010 1087 3098 sande,
1113 3014 1296 3106 nonpoffit

230 3119 373 3186 ἐπινοίη
391 3120 428 3182 iar
445 3136 575 3205 regnum
591 3114 754 3184 celorum:
780 3111 961 3185 &iterum
986 3111 1112 3186 Petrus
1139 3115 1176 3184 ln
1197 3110 1295 3185 At'li·

228 3216 297 3290 bus
313 3210 576 3305 Apostolorum
596 3212 640 3284 de
658 3209 802 3284 Christo
821 3214 1040 3307 pronunciat
1057 3210 1200 3286 dicens:
1226 3214 1296 3284 Ne·

227 3339 287 3414 que
307 3318 392 3382 enim
408 3310 448 3392 eil
465 3311 554 3381 aliud
577 3314 680 3382 ullum
696 3334 810 3385 nomen
827 3312 992 3398 subtele,
1019 3318 1056 3382 in
1079 3338 1136 3409 quo
1152 3326 1295 3405 oporteat

226 3439 283 3488 aros
296 3414 404 3500 salvus
415 3405 519 3499 ficri?
571 3412 774 3509 Quomodo
802 3432 888 3507 ergo
912 3413 972 3484 hic
990 3412 1130 3485 Gentes
1152 3411 1292 3506 gloriae,

231 3511 459 3602 inhonoris,
484 3510 518 3584 ds
540 3509 818 3602 pacis-'secundo
842 3508 924 3606 post
940 3512 1084 3603 judeos
1102 3512 1190 3584 loco
1215 3532 1295 3602 par·

224 3611 357 3703 ,titipes
374 3607 488 3683 faciti
539 3609 610 3684 Sed
626 3612 810 3704 videamus
824 3632 871 3683 ne
887 3611 983 3683 forte
1003 3599 1082 3701 illa,
1109 3631 1186 3700 quae
1201 3608 1294 3682 solet

102 3765 113 3776 ..
227 3713 374 3785 bonitas
393 3708 599 3783 &dulcedo
619 3709 688 3785 Dei
707 3708 877 3784 abscondi
896 3712 933 3782 in
950 3709 1141 3799 Scripturis
1157 3708 1295 3800 senilis,

100 3865 104 3870 -
230 3810 361 3901 aliquid
381 3809 489 3882 etiam
503 3808 562 3881 hic
576 3811 746 3884 moliatur
764 3812 962 3882 occultum.
1005 3807 1099 3882 Tres
1116 3809 1201 3882 mihi
1220 3810 1296 3881 hoc

227 3911 265 3985 in
276 3911 363 3986 loeo
378 3909 524 3981 ordines
533 3907 658 3982 feciss'o
669 3909 816 3982 videtur
829 3906 1040 4000 Apostolus.
1066 3907 1185 3982 Primo
1201 3909 1296 3983 enirn

222 4008 381 4088 dicatae
394 4008 469 4099 bis,
493 4011 551 4112 qui
561 4009 736 4102 fidendum
750 4014 942 4112 patientiam
960 4009 1033 4084 boui
1050 4015 1148 4110 operia
1161 4007 1297 4102 gloriam

144 4100 160 4143 b

1210 4106 1246 4182 G
