2825 4559
178 257 184 270 ’
264 245 1085 408 ru-nrrsrona'senarrentur.
1137 297 1211 388 545
1332 413 1337 430 N

137 461 208 535 cidi
231 459 329 553 ferro
348 457 525 533 terreno?
577 455 732 552 Propter
759 456 858 549 quod
883 477 960 530 non
987 457 1209 533 erubuerunt

135 561 278 653 quidam
306 579 351 633 cx
378 559 484 654 iplrs,
523 558 567 630 de
599 558 779 650 praeputio
814 557 1094 631 circumcisronis
1129 559 1206 648 eius

135 667 243 733 eriam
270 661 383 732 libror
410 660 545 745 edere,
588 653 933 748 quibus'ostendere
959 674 1205 749 conarentur,

135 762 234 851 quod
258 762 295 834 in
318 758 542 832 substantiam
564 754 707 832 cellerit
727 751 940 847 spiritalem,
980 756 1070 830 Non
1088 760 1205 832 minut

88 941 92 946 ,
129 877 250 932 aurem
275 858 558 953 'angustabuntur
582 856 688 930 etiam
712 857 783 946 illi,
803 859 868 954 squi
895 857 1045 928 animale
1067 876 1202 948 corpus

129 959 256 1038 dicunt
272 956 341 1030 elle
358 977 490 1050 corpus
508 955 647 1029 Christi.
689 954 757 1042 Sed
776 955 870 1028 &de
887 953 1053 1052 sanguine
1071 957 1206 1046 ejus‘&

128 1081 239 1149 aqua,
268 1079 344 1149 quae
362 1055 528 1149 proceffit
544 1057 588 1127 de
604 1058 717 1128 latere
733 1056 809 1147 eius
826 1054 922 1127 hasta
941 1055 1160 1152 compuncto
1182 1076 1203 1130 a
1273 1083 1279 1092 ·

129 1162 267 1251 milite,
295 1158 418 1231 eadem
446 1154 627 1228 sentienda
655 1153 745 1228 lunt.
797 1155 866 1228 Sed
890 1157 965 1245 his,
992 1160 1052 1245 qui
1069 1154 1222 1254 sciunt,¹
1313 1203 1317 1216 ·

126 1259 210 1348 quid
228 1259 389 1329 audiatur
405 1276 469 1348 per
484 1258 577 1347 hoc,
595 1255 694 1345 quod
711 1254 862 1340 dicitur,
889 1258 971 1344 quia
986 1250 1109 1326 fixurae
1127 1256 1200 1327 cla-

126 1379 261 1428 vorum
291 1370 393 1428 erant
416 1359 453 1426 in
474 1358 548 1445 ejus
572 1373 750 1445 corpore,
777 1352 960 1425 manifeste
982 1356 1198 1447 declaratur,

105 1451 205 1547 ‘quia
222 1467 306 1526 caro
323 1471 399 1527 erat
416 1470 578 1542 terrena,
605 1454 640 1524 ld
658 1451 730 1531 est,
744 1451 746 1459 '
759 1455 920 1526 humanae
935 1468 1090 1540 nature:
1119 1459 1197 1545 que
1237 1507 1239 1512 -

121 1558 248 1646 utique
262 1570 430 1628 nouerat
446 1549 590 1643 talis‚‘ut
606 1553 897 1644 recipiendorum
913 1555 1104 1627 vulnerum
1119 1554 1200 1632 subl

121 1656 321 1748 terfugeret
340 1654 560 1743 qualitatem.
595 1653 713 1748 Quid,
741 1653 763 1724 sr
783 1672 857 1724 non
877 1654 983 1725 etiam
1003 1655 1112 1725 multa
1130 1655 1196 1725 hu·

120 1776 233 1829 maure
247 1750 473 1825 ¹infirmitatis
501 1755 536 1824 in
553 1749 624 1842 ipsa
639 1767 758 1825 morte
776 1750 949 1829 sensiliet,
975 1755 1090 1823 anima
1116 1772 1195 1843 per·

123 1856 302 1943 turbatur,
317 1853 350 1924 δι
367 1851 473 1925 tristis
490 1850 541 1923 est
559 1871 627 1939 pro
647 1872 687 1923 ea
707 1846 815 1944 usque
831 1851 874 1922 ad
890 1850 1072 1924 mortem?
1099 1854 1193 1951 Quae

85 1975 88 1980 ·
120 1954 241 2027 omnia
259 1953 450 2026 evidenter
463 1949 677 2041 ostendunt,
705 1951 803 2041 quod
819 1971 895 2022 non
912 1948 1080 2038 falso‚sed
1097 1950 1193 2042 quast

122 2055 235 2125 homo
263 2054 411 2125 dixerit:
440 2055 585 2147 Spiritus
600 2051 721 2146 quidem
735 2068 897 2147 promptus
917 2051 975 2145 esi,
1001 2075 1072 2119 coro
1087 2069 1194 2121 autem

119 2156 291 2241 infirmo„
311 2149 446 2224 Eadem
462 2151 693 2224 nihilominus
712 2150 871 2223 ostendit
886 2153 992 2223 etiam
1010 2147 1121 2224 somni
1139 2170 1194 2223 ra·

119 2254 195 2341 tin,
225 2271 305 2347 etim
324 2251 479 2339 dicitur,
507 2252 588 2339 quia
606 2256 729 2321 erario
742 2257 838 2345 puppi
855 2251 948 2346 super
966 2251 1102 2319 cervical
1120 2252 1191 2322 dor·

119 2339 241 2434 iniens,
269 2352 357 2439 licut
377 2349 525 2422 Marcus
544 2346 679 2438 refert,
706 2347 739 2419 dr
764 2353 807 2421 ab
832 2351 980 2421 homine
1006 2347 1211 2423 suscitatur
1254 2357 1258 2369 '

119 2470 139 2520 a
166 2448 305 2542 somno.
357 2447 447 2519 Herc
464 2447 558 2519 enim
574 2450 659 2519 licet
674 2446 830 2520 habeant
846 2444 1034 2541 spiritalem
1050 2451 1190 2522 intelle·

118 2550 241 2640 dumi,-
262 2549 381 2618 tamen
397 2559 566 2618 manente
584 2551 680 2638 prius
700 2546 856 2619 historiae
875 2548 1052 2639 veritate,
1080 2551 1189 2622 etiam

118 2647 280 2739 spiritalia
308 2646 531 2738 recipiendus
558 2643 609 2718 est
634 2644 772 2719 sensum
815 2644 920 2719 Licet
947 2648 1041 2721 enim
1069 2668 1187 2721 caecos

118 2734 255 2838 semper
276 2732 378 2817 c'ure't
394 2743 586 2828 secundum
604 2742 794 2836 spiritalem
809 2747 1095 2840 intelligentiam,
1106 2769 1189 2822 cum

119 2846 320 2940 ignorantia
340 2859 533 2939 excecatas
548 2846 725 2938 illuminat
743 2859 904 2931 mentem
923 2862 1042 2919 tamen
1059 2848 1091 2918 dc
1107 2867 1189 2921 cor-

104 2948 293 3040 poraliter
318 2957 407 3030 tunc
432 2945 565 3017 cecum
590 2942 738 3017 sanavit.
792 2940 838 3015 Et
860 2961 1026 3018 mortuos
1051 2947 1189 3037 semper

119 3043 278 3130 sulcitat3
306 3041 395 3116 fecit
415 3060 535 3116 tamen
561 3042 703 3116 &tu'nc
728 3043 975 3135 hujuscemodi
995 3045 1184 3140 mirabilia,

85 3137 208 3219 =¹s1cut
229 3141 335 3215 filiam
361 3145 530 3235 principis
556 3141 768 3240 synagoge,
796 3144 829 3214 ἃ
852 3143 963 3216 lilium
987 3139 1124 3236 vidie,
1151 3146 1187 3217 dt
1314 3227 1316 3234 ,

120 3237 294 3332 Lazarum
315 3239 524 3317 suscitando.
562 3237 612 3322 Et
628 3243 791 3330 quamvis
807 3240 964 3335 semper,
992 3264 1071 3330 cum
1091 3246 1188 3317 exci-

119 3358 217 3417 tatur
246 3362 264 3413 a
288 3340 482 3435 discipulis,
510 3343 715 3434 compescat
742 3337 908 3415 Ecclesiae
934 3345 1097 3417 turbines
1124 3346 1187 3424 vel

119 3442 320 3538 procellas,
347 3443 465 3514 tamen
491 3455 627 3514 certum
655 3439 726 3533 est,
753 3444 858 3516 etiam
887 3457 974 3517 tunc
997 3437 1092 3540 gesta
1116 3442 1188 3518 effe

120 3564 197 3632 quae
210 3560 274 3631 per
290 3538 469 3613 historiam
487 3539 705 3613 referuntur.
733 3539 793 3613 Sic
810 3556 896 3637 ergo
912 3542 1031 3616 sanum
1047 3541 1097 3615 est
1113 3541 1188 3618 sen·

120 3637 193 3715 sum
210 3640 401 3730 Scriptura
419 3642 601 3733 recipere,
624 3661 692 3712 noc
711 3653 861 3732 oportet
879 3643 1049 3717 inclinare
1065 3663 1187 3719 aurem

121 3742 206 3832 his,'
225 3743 283 3834 qui
302 3740 426 3811 dicunt
441 3759 504 3832 per
519 3738 684 3826 Mariam,
702 3738 824 3812 &non
841 3763 885 3812 err
902 3741 1015 3815 Maria
1032 3764 1111 3817 eum
1128 3764 1188 3817 na·

124 3854 220 3913 tum:
248 3838 345 3929 quod
369 3834 568 3932 Apostolus
596 3836 781 3931 presciens
810 3843 858 3909 ita
887 3843 1070 3934 predixit:
1106 3846 1187 3914 Cum

123 3957 229 4016 curem
243 3945 337 4026 veuit
359 3940 519 4030 plenitude
542 3955 733 4039 temporum,
759 3939 839 4032 mifit
859 3945 945 4014 Deus
965 3943 1084 4013 Filium
1094 3941 1188 4029 suum

85 4125 115 4224 h
177 4035 523 4134 degenerum).
548 4054 566 4118 ζ
769 4036 861 4116 Mm
1016 4038 1146 4141 {affirm
1283 4101 1296 4116 r
