2825 4559
164 385 174 416 .,
230 265 307 408 με
388 253 682 398 ostentus
713 314 1163 400 contuentia..

233 479 335 550 arans
348 476 454 572 ionga,
476 474 565 568 faiii
578 475 648 578 estis
662 497 761 575 prope.
773 483 810 550 in
829 477 983 574 sanguine
1000 484 1129 581 Christi.
1173 484 1240 582 Ipsa
1265 488 1306 582 eli

235 581 324 653 anim
334 596 400 671 pax
415 577 541 676 najira,
556 581 621 675 :qui
629 577 713 672 facit
737 595 871 678 utraque
888 607 1006 671 unum,
1032 584 1069 662 Θ
1094 587 1229 656 medium
1250 609 1307 684 pa·

236 677 347 754 risten
366 685 505 752 maceria
523 677 669 770 salvans,
696 675 903 752 'inimicitiam
926 689 964 753 in
986 677 1177 774 carnisne,
1210 688 1305 782 legem

235 775 457 854 mandatorum
474 786 512 850 in
528 780 661 851 decretis
677 805 854 868 evacuans,
882 799 920 853 nt
943 785 1016 853 dnos
1036 788 1179 858 canderet
1203 793 1240 857 in
1257 793 1307 876 le·

234 887 382 980 menapia,
408 889 447 953 in
465 905 534 952 una
543 903 625 951 noua
639 881 768 951 homine
777 881 907 972 faciens
919 904 1040 978 pacem,
1067 901 1105 956 nt
1129 890 1305 960 reconcilia·

233 999 285 1055 ret
298 1002 448 1080 utrasque
463 989 500 1051 in
514 1004 579 1050 nna
595 1001 720 1076 corpore
735 986 877 1080 Dea,per
892 1007 1013 1056 crucem
1031 989 1225 1075 iaztnfiaiens
1239 993 1305 1059 ini·

234 1089 376 1158 micirins
397 1091 433 1152 in
450 1081 631 1173 semetipso,
653 1080 695 1157 (5
711 1087 848 1152 ueniens
863 1086 1110 1178 evangelizavit
1124 1107 1229 1182 param
1245 1114 1302 1160 va·

231 1187 297 1272 iii,
323 1189 379 1282 qui
396 1185 504 1276 langa,
528 1183 567 1257 U
580 1200 684 1276 paceni
699 1182 827 1278 hirqui
840 1203 949 1280 prope,
975 1193 1125 1283 qnoniam
1134 1208 1191 1283 per
1204 1191 1304 1284 ipsum

233 1290 381 1359 habemus
397 1281 540 1370 acceffun
560 1284 692 1375 utrique
705 1287 742 1351 in
759 1308 821 1354 aaa
838 1287 1024 1378 Spiritu-ad
1045 1289 1181 1362 Patrem.
1234 1288 1307 1362 Sed

103 1437 106 1448 s
231 1388 412 1484 praecipue
427 1384 462 1456 in
478 1383 534 1456 his
550 1380 637 1452 illud
657 1380 829 1467 observa,
857 1385 955 1474 quod
973 1384 1130 1459 Christus
1147 1387 1304 1464 medium

229 1490 401 1582 parietem
417 1477 705 1556 maceria-solvit
721 1484 755 1553 in
773 1503 881 1554 carne
895 1483 974 1574 sua,
1002 1486 1037 1556 id
1057 1483 1126 1578 est,
1153 1487 1304 1562 inimici·

230 1587 337 1678 tiam,
366 1585 398 1656 u
416 1582 515 1676 quod
530 1581 783 1672 reconciliavit
799 1596 975 1672 utrosque
993 1585 1028 1657 in
1047 1606 1122 1657 uno
1141 1606 1301 1682 corpote

228 1688 315 1761 Deo
343 1705 406 1778 per
429 1699 603 1768 crucem,¹
633 1679 667 1751 ἃ
690 1683 797 1771 quod¹
814 1683 998 1755 interfecit
1024 1687 1242 1760 inimicitiam
1265 1690 1304 1762 in

233 1806 351 1860 eruce.
381 1784 421 1856 ln
440 1801 513 1871 quo
530 1799 606 1853 non
624 1779 695 1851 stne
712 1777 812 1851 causa
829 1782 914 1860 mihi
932 1779 1059 1855 Paulus
1077 1782 1234 1858 secundo
1251 1790 1305 1860 vi·

230 1888 334 1960 detur
350 1880 571 1955 inimicitiam
588 1877 843 1969 nominass'e‚&
860 1883 896 1953 in
913 1901 987 1953 uno
1004 1884 1149 1973 quidem
1165 1885 1302 1979 dixiffe,

226 1986 325 2078 qnod
344 1980 495 2055 solverit
511 1978 732 2068 inimicitiam
753 1978 910 2053 Christus
926 1981 963 2054 in
979 2002 1106 2072 carne,
1127 1986 1163 2056 in
1179 1983 1303 2059 sccun-

229 2086 279 2159 do
300 2073 624 2156 ueroaintetfeciss'e
646 2099 723 2150 earn
740 2080 776 2151 in
795 2097 915 2156 cruce.¹
965 2081 1120 2155 Solvere
1146 2106 1301 2176 namque

227 2185 314 2261 mihi
338 2182 484 2254 videtur
510 2178 547 2251 in
571 2177 648 2266 his,
676 2178 734 2268 qui
754 2179 871 2251 adhuc
894 2181 1075 2255 certamen
1095 2197 1227 2278 gerunt
1244 2186 1305 2258 ad·

227 2283 372 2359 versum
387 2292 592 2373 peccatum,
606 2275 639 2349 u
655 2294 856 2373 repugnant
872 2280 904 2352 ei
922 2300 990 2371 pto
1006 2282 1162 2356 viribus:
1187 2285 1300 2359 inter·

171 2451 175 2460 .
227 2383 339 2459 ficere
356 2399 449 2454 vero
466 2379 504 2451 in
520 2379 596 2463 his,
612 2378 673 2467 qui
690 2392 880 2467 peccatum
894 2379 965 2471 jam
982 2402 1204 2473 nequaquam
1222 2404 1300 2458 om-

226 2488 291 2561 nio
306 2481 506 2574 recipiunt,
534 2476 592 2550 sed
608 2478 706 2549 omni
726 2490 886 2570 exparte
902 2484 1060 2554 membra
1076 2480 1134 2554 sua
1146 2481 1299 2556 mortifi-

228 2589 355 2660 carunt
376 2590 551 2673 peccato:
577 2577 770 2669 exquibus
791 2578 1019 2670 matutine,
1049 2582 1108 2671 qui
1132 2582 1296 2657 dicebat:

228 2685 352 2780 Chrifia
366 2683 533 2768 crucifixus
546 2676 628 2766 [unt.
690 2680 777 2748 Viva
792 2695 916 2765 autem,
937 2682 1008 2775 jam
1023 2705 1089 2751 nan
1107 2705 1178 2775 ega;
1204 2688 1299 2754 vivit

221 2811 298 2858 vera
314 2791 352 2851 in
368 2804 414 2850 me
435 2776 591 2874 christus.
641 2774 738 2847 Hoc·
752 2796 840 2870 ergo
863 2780 977 2852 modo
1002 2782 1120 2866 etiam,
1133 2781 1292 2855 Christus

223 2884 360 2960 occidit
373 2878 594 2952 inimicitiam
614 2874 650 2945 in
668 2894 774 2947 carne
790 2872 869 2968 sua,
897 2898 977 2952 cum
996 2891 1116 2951 morte
1133 2879 1292 2974 suscepta

118 2993 121 3001 '
219 2983 426 3074 exemptum
442 2976 541 3048 dedit
555 2973 760 3046 hominibus
780 2974 948 3067 usquead
965 2993 1120 3052 mortem
1134 2979 1292 3055 reststere

221 3079 406 3159 adversum
424 3087 632 3172 peccatum:
660 3073 759 3145 &ita
776 3074 917 3148 demum
936 3074 1090 3150 resoluta
1107 3081 1293 3155 inimicitia

218 3187 256 3260 in
270 3202 379 3256 carne
398 3177 471 3269 sua,
484 3173 742 3248 ¹reconciliavit
758 3196 823 3266 per
839 3172 1044 3271 sanguinem
1062 3178 1159 3252 suum
1176 3181 1291 3253 homi·

218 3306 284 3360 nes
302 3283 407 3370 Deo,
437 3297 503 3350 eos
520 3274 714 3363 duntaxat,
743 3277 802 3364 qui
829 3274 1045 3350 inviolatum
1072 3283 1288 3352 reconcilia-

218 3386 331 3459 tionis
352 3378 467 3453 foedus
487 3376 581 3446 ultra
599 3392 675 3444 non
694 3374 883 3463 peccando
903 3374 1120 3450 custodiunt.
1173 3379 1288 3475 Igitur

215 3503 314 3561 mors
331 3481 407 3569 ejus
426 3489 582 3551 mortem
599 3474 796 3544 inimicitiae
813 3474 911 3544 dedit
927 3475 978 3561 ei,
1006 3498 1084 3566 quae
1098 3494 1175 3549 erat
1190 3481 1286 3552 inter
1308 3555 1311 3562 ,

88 3628 92 3636 ,
212 3604 282 3659 nos
301 3581 335 3654 u
351 3579 482 3660 Deum,
502 3571 860 3646 &reconciliationis
878 3574 1030 3651 initium.
1056 3575 1283 3652 Resurreciio

213 3697 333 3757 autem
357 3677 460 3770 ipsius
484 3674 606 3745 &vita
623 3668 768 3744 salutem
787 3672 1018 3747 credentibus
1039 3679 1216 3770 contulit,
1243 3681 1283 3753 st·

212 3797 274 3857 cut
302 3780 334 3850 ἃ
362 3778 442 3850 alibi
470 3770 669 3866 Apostolus
697 3771 783 3842 dicit
808 3773 854 3845 de
879 3770 1040 3847 Christo:
1073 3780 1167 3870 Quid
1183 3781 1281 3853 enim

208 3900 352 3954 mortuus
375 3881 412 3971 esi
434 3879 570 3956 niceana,
597 3884 741 3939 mortuus
762 3870 802 3966 eft
824 3873 943 3958 semels
960 3877 1040 3968 quud
1052 3894 1156 3946 autem
1172 3885 1279 3957 vivit,

201 3989 297 4054 aian
313 3984 393 4052 Dea.
419 3974 579 4050 Peccata
595 3982 764 4049 mortuus
778 3968 927 4062 dicitur,
954 3993 1031 4047 non
1049 3970 1131 4049 suo:
1159 3997 1279 4068 neque

140 4113 154 4152 t
574 4131 580 4138 -
872 4131 875 4140 -
1120 4096 1221 4164 euim
