2825 4559
205 365 278 464 318
365 363 657 447 ORIGENIS
696 363 1106 446 COMMENTAR.

207 557 257 605 mr
271 533 421 618 extendo,
445 533 486 603 ad
503 528 679 628 persedisset
693 529 833 630 sequens
842 533 978 630 palmam
993 528 1136 626 supernae
1148 531 1289 602 uocatis·

210 637 279 707 nir.
330 629 578 729 Quod'autem
599 633 707 705 dicit:
736 633 859 704 Plrrurt
879 633 1077 703 Macedonia
1093 629 1137 708 δ
1156 631 1290 726 Achajae

211 733 409 804 collationem
426 731 569 830 aliquam
582 731 689 820 facere
706 736 744 802 irs
762 752 908 827 pauperes
918 729 1126 822 seruiium,
1154 728 1291 804 subtili·

152 853 154 858 ·
211 845 271 905 ter
294 829 327 903 dr
351 834 578 922 verecunde,
604 831 686 904 dum
711 829 922 928 Corinthios
949 831 1089 924 lurdat,
1117 831 1292 904 hortatur

213 931 417 1008 Romanos.
471 929 623 1006 Facilius
641 931 735 1005 enim
755 933 900 1007 devotae
920 943 1063 1004 mentes
1080 931 1125 1003 sd
1141 930 1292 1002 beness-

211 1031 381 1106 'eiendum
397 1031 589 1122 exemplis,
619 1051 722 1123 quem
739 1030 962 1107 sermonibus
977 1031 1209 1108 invitantur:
1227 1028 1292 1102 Sed
1324 1085 1327 1110 .

164 1143 167 1164 “
215 1131 251 1205 δι
267 1131 304 1201 in
320 1151 391 1221 eu,
419 1131 515 1220 quod
535 1129 656 1223 addit,
686 1133 812 1203 Placuit
838 1135 938 1218 enim,
965 1129 1190 1208 &debitores
1213 1129 1291 1218 lunt
1324 1171 1327 1204 e

212 1229 336 1306 rorum,
363 1230 447 1320 quid
475 1229 568 1302 aliud
591 1229 724 1302 sentire
745 1232 827 1302 vuit
845 1230 1059 1322 Romanos,
1085 1230 1150 1303 nisr
1180 1245 1246 1318 ut,
1271 1227 1292 1304 i

213 1329 353 1404 Achivi
375 1328 650 1402 &Macedones
675 1330 860 1406 debitores
879 1323 961 1405 sunt
975 1329 1198 1422 pauperibus
1223 1329 1292 1403 san·
1326 1285 1330 1396 i

215 1427 355 1503 diorum
383 1428 444 1519 qui
473 1427 553 1502 sunt
583 1429 619 1499 in
639 1429 854 1522 Jerusalem,
881 1430 1007 1502 erdem
1028 1429 1201 1520 ratione,
1230 1449 1293 1520 qur

212 1549 321 1603 unam
344 1526 588 1618 eumdemque,
609 1519 712 1626 queem
729 1529 794 1620 illi,
815 1527 921 1601 iidem
943 1526 1071 1604 Christi
1086 1529 1204 1604 'etiarn
1222 1529 1292 1602 Ro·

212 1630 310 1705 mani
338 1641 489 1717 tenent,
516 1628 710 1704 advertant
730 1629 764 1702 dr
781 1624 988 1722 semetipsos
1009 1627 1063 1702 his
1085 1630 1229 1702 eisdem
1245 1627 1292 1701 se·
1332 1627 1335 1692 l

212 1721 295 1804 'dios
317 1726 391 1804 elie
405 1727 619 1804 debitores?
657 1729 790 1819 Neque
807 1730 901 1803 enim
921 1727 986 1800 soli
1006 1725 1240 1801 Macedones
1262 1727 1292 1799 ἀ
1334 1799 1336 1808 ,

97 1877 104 1890 ,
214 1827 351 1916 {Achivi
372 1829 408 1904 in
428 1827 641 1920 spiritalibus
668 1829 863 1924 participes
882 1826 960 1904 sunt
981 1824 1063 1902 fatti
1084 1823 1217 1902 faustis
1238 1827 1293 1920 qui
1334 1841 1337 1858 ¹

214 1923 300 2006 sunt
316 1928 353 2000 in
369 1926 584 2021 Jerusalem,
610 1927 700 2000 ut&
718 1931 755 2000 in
772 1929 972 2002 carnalibus
990 1928 1040 2000 eis
1058 1925 1224 2000 debeant
1236 1927 1296 2000 mi·
1334 1863 1337 1992 i

213 2025 386 2112 nistrar03
404 2023 692 2100 sed&Romsni=
716 2025 853 2101 &ideo
873 2028 948 2116 pari
960 2025 1179 2101 conditione
1200 2027 1296 2099 debi-

214 2138 319 2200 tores
338 2122 436 2198 unt:
463 2121 523 2204 sed
539 2125 583 2200 de
600 2126 669 2198 illis
689 2137 827 2202 tanturn
845 2127 1086 2219 pronunciat,
1111 2139 1154 2198 ut
1186 2123 1294 2214 &isti

211 2223 254 2300 se
271 2225 447 2300 noverint
463 2223 563 2302 simili
583 2221 767 2300 sententiae
783 2223 977 2316 subjacere.
1029 2225 1118 2300 Haec
1145 2225 1294 2316 quidem

213 2323 413 2400 'secundum
447 2343 676 2402 communem
701 2326 813 2397 literae
840 2323 930 2398 ditia
954 2324 1026 2398 smt
1057 2323 1296 2398 intellectum.

213 2425 358 2498 Verum
383 2422 684 2520 magnificentium
710 2422 848 2499 solitam
874 2427 1094 2513 requiramus
1118 2424 1155 2497 in
1181 2425 1295 2498 literis

102 2605 107 2616 ,
210 2523 330 2618 usuri.
381 2521 472 2600 Non
493 2527 589 2597 enim
611 2536 726 2617 puto,
753 2523 852 2614 quod
873 2526 923 2596 ita
941 2521 1107 2606 senserit,
1132 2537 1175 2596 ut
1203 2525 1296 2597 intre

216 2621 329 2698 solam
359 2619 574 2717 Jerusalem,
609 2643 715 2698 unum
741 2623 915 2696 duntaxat
941 2622 1122 2697 Palestinae
1150 2627 1296 2714 urbem,

214 2743 394 2820 pauperes
420 2719 621 2799 sannorum
647 2719 886 2816 concluserit,
914 2742 1006 2814 quos
1035 2721 1069 2794 u
1095 2719 1297 2814 spirituales

212 2821 1296 3014 ·ttiiiirst¹,¹tt⁸sitienti'tristitiis

210 3019 302 3093 solis
330 3017 568 3109 spiritualibus
595 3017 793 3096 ministrare
825 3024 861 3091 in
888 3022 1088 3096 carnatibus
1116 3019 1296 3098 debeant:

216 3137 300 3191 cum
326 3118 452 3210 utique
471 3118 630 3190 liceto&
646 3133 748 3192 extra
765 3118 957 3216 Jerusalem
973 3119 1169 3211 spirituales
1189 3123 1296 3194 inve·

216 3219 310 3308 nisi,
338 3239 429 3310 quos
445 3236 520 3292 non
538 3219 665 3310 locus,
693 3215 754 3295 sed
772 3219 1004 3298 conversatio
1020 3217 1194 3312 san-etun
1212 3218 1300 3295 fidei

215 3338 261 3392 se
279 3317 435 3396 scientie
458 3315 634 3409 perleilio
659 3317 792 3395 fecerit
813 3318 1032 3413 spirituales,
1060 3319 1148 3396 ficut
1169 3324 1203 3391 dr
1226 3317 1300 3412 ipse

212 3420 344 3491 'Paulus
362 3416 519 3493 scribens
539 3417 646 3494 dicit:
676 3422 828 3506 Fratres,
853 3417 891 3493 ti
904 3423 928 3514 fi
942 3435 1169 3515 preoccupatus
1181 3420 1296 3510 fueris

214 3519 289 3616 'quis
315 3523 353 3587 r‘n
378 3518 484 3612 ulique
504 3515 637 3606 deletio,
663 3543 741 3604 vos,
767 3525 824 3618 qui
841 3520 1005 3616 spiritales
1028 3520 1117 3617 edis,
1145 3521 1296 3615 instruile

215 3617 398 3716 hujusmodi
413 3617 579 3712 suspiritu
594 3619 859 3706 manfisetrsdim's.
891 3619 988 3713 Quid
1010 3639 1099 3720 ergo
1117 3615 1181 3709 est,
1193 3619 1296 3708 quod

213 3720 254 3794 in
272 3718 328 3794 his
346 3716 475 3791 sentire
497 3737 565 3792 nos
583 3716 790 3798 convenit?
815 3719 928 3816 Quod
948 3719 1085 3798 omnis,
1113 3720 1173 3810 qui
1197 3717 1295 3816 spiri.

164 3891 168 3898 ,
214 3819 298 3891 talis
320 3815 393 3906 est,
419 3815 547 3904 idest,
576 3819 635 3909 qui
657 3816 781 3909 spiritu
802 3817 888 3891 Deo
907 3818 1040 3909 servit,
1068 3817 1100 3895 dt
1127 3819 1187 3908 qui
1217 3839 1296 3898 nott

213 3915 412 3996 secundum
430 3935 572 3994 carnem
591 3917 707 4004 vivit,
727 3914 786 3994 sed
807 3915 1000 3994 secundum
1022 3919 1203 4011 spiritum,
1233 3915 1297 3998 isso

144 4091 170 4119 ,,
212 4019 257 4102 lu
269 4014 494 4126 Jerusalem,
519 4017 594 4100 hoe
618 4015 697 4120 eli,
721 4018 759 4100 iu
781 4018 870 4098 loco
897 4021 994 4130 pecie
1018 4019 1179 4115 habitat,
1207 4015 1298 4099 driu

1188 4136 1254 4207 ii·
