2825 4559
236 295 500 394 menum.
526 309 609 390 un
635 289 865 390 nomeu.
891 283 1097 391 amsrir.
1151 307 1227 417 κατ’

148 489 231 568 tur,
256 487 298 549 ut
322 475 572 551 ostenderetur
598 476 716 571 primo
740 488 842 573 pater
862 473 1003 549 futurus
1027 474 1219 570 multarum

148 579 309 673 gentium
320 583 336 669 ,³
359 577 534 671 &postea
551 579 697 661 eorum,
717 581 835 670 quiex
854 575 1125 650 circumcisione
1141 595 1216 654 cre-
1271 595 1278 624 ¹

148 678 259 750 dituri
277 675 368 749 sunt.
415 677 548 769 Neque
571 680 664 752 enim
689 680 746 770 hi,
774 678 832 769 qui
858 675 1049 750 secundum
1070 694 1216 757 carnem

145 774 340 851 irascuntur
363 798 408 849 ex
432 776 634 869 Abraham,
660 774 724 852 iiiii
748 775 927 852 Abraham
953 771 1095 848 dicendi
1119 774 1215 870 sunt,

145 875 211 950 nifi
227 874 334 951 fidem
352 876 512 969 &opera
530 878 685 951 habeant
698 878 864 952 Abrahae.
903 875 991 956 Inde
1007 875 1162 968 denique
1179 875 1216 956 aa

144 975 327 1052 Dominus
341 977 379 1051 in
397 976 597 1073 Evangelio
613 979 700 1055 dicit
717 978 759 1049 ad
776 979 939 1072 judeos,
967 976 1027 1069 qui
1050 973 1083 1048 se
1103 972 1215 1068 jetta·

143 1074 355 1150 bant'filios
379 1075 448 1150 effe
471 1078 645 1156 Abrahae':
671 1083 711 1149 Sr'
724 1080 796 1168 filii
819 1075 957 1150 Adraha
974 1075 1093 1166 effluis,
1119 1097 1214 1171 opera

142 1181 258 1271 urique
276 1176 413 1247 Adraha
424 1177 585 1270 facereris.
625 1177 692 1254 Vis
713 1193 830 1256 autem
847 1176 880 1249 dr
899 1197 944 1248 ex
961 1176 1079 1274 vereri
1094 1172 1213 1270 Scrip-

141 1290 223 1347 tura
240 1277 452 1370 perdoceri,
478 1278 577 1369 quod
598 1274 690 1358 filius
715 1279 792 1368 quis
816 1277 947 1368 dicitur
970 1295 1047 1354 non
1069 1287 1211 1358 tanturn

140 1377 241 1466 ejus,
266 1376 310 1449 de
325 1378 427 1472 cujus
442 1379 593 1452 naturali
609 1375 739 1454 semine
755 1375 956 1467 descendit,
983 1373 1041 1449 sed
1062 1372 1095 1445 ἀ
1115 1372 1217 1471 ejus,

140 1473 246 1574 eujus
262 1474 357 1550 atius
373 1478 531 1554 imitatur
546 1475 580 1548 dr
594 1473 730 1570 operui
754 1476 851 1551 Audi
866 1473 994 1550 Daniel
1011 1475 1095 1569 quid
1111 1474 1209 1551 dicat

140 1578 184 1648 ad
213 1595 322 1649 unum
352 1598 396 1649 ex
425 1578 493 1655 illis
522 1576 740 1662 senioribus,
774 1597 865 1667 quos
888 1576 1003 1674 arguit
1023 1573 1207 1647 adulterii:

141 1675 275 1759 Samen,
302 1676 439 1768 inquit,
471 1680 647 1761 chanaan,
674 1676 797 1758 &non
817 1679 929 1774 Judu,
949 1675 1063 1771 species
1074 1676 1208 1762 seduxit

140 1792 189 1861 ir,
215 1775 252 1850 U
270 1777 512 1872 concupiscentia
529 1783 712 1860 evertitror
729 1797 832 1848 tuum.
858 1775 990 1866 Vides,
1017 1795 1119 1855 eum,
1145 1771 1207 1866 qui

137 1877 328 1947 carnaliter
353 1876 397 1949 de
414 1897 546 1973 genere
563 1878 653 1975 Juda
677 1875 927 1968 descenderat,
954 1875 1074 1970 negari
1092 1870 1210 1950 filium

136 1973 333 2070 effeJuda,
358 1974 418 2050 sed
435 1975 626 2070 Chanaan,
652 1979 729 2069 ejus
747 1977 902 2066 scilicet,
928 1975 1029 2066 cujus
1052 1971 1148 2047 adius
1171 1970 1208 2046 da

139 2095 252 2167 opera
269 2073 492 2166 sequebatur.
540 2078 595 2156 lta
611 2098 697 2172 ergo
716 2077 750 2151 dr
769 2079 824 2161 hi,
851 2076 910 2165 qui
930 2074 974 2148 de
988 2073 1142 2145 Abrahae
1156 2069 1206 2143 se-

134 2177 234 2248 mine
250 2172 441 2249 secundum
458 2199 603 2256 carnem
623 2197 736 2273 genus
758 2179 916 2266 ducunt,
943 2193 1017 2248 non
1036 2176 1206 2245 dicuntur

134 2270 198 2348 filii
218 2271 395 2367 Abrahae,
420 2275 445 2351 ii
465 2278 539 2371 ejus
561 2299 635 2351 non
655 2279 790 2356 habent
803 2275 924 2357 iidem.
976 2271 1033 2346 Sic
1049 2272 1205 2363 denique
1292 2276 1297 2288 ¹

134 2374 168 2448 &
184 2372 367 2466 Propheta
382 2378 469 2453 dicit
487 2381 530 2456 ad
548 2400 632 2455 eos:
662 2381 758 2459 Pater
774 2394 846 2447 tuus
862 2374 1123 2458 Aminneum
1137 2395 1205 2441 ma·

133 2491 186 2554 rer
204 2490 262 2543 rua
279 2477 414 2562 cethea,
441 2480 569 2568 quibus
585 2481 711 2567 utique
727 2497 801 2552 non
819 2496 884 2548 eos
903 2472 1124 2548 neceffrtudo
1145 2489 1214 2566 με

132 2575 256 2665 neris,
282 2574 339 2646 sed
358 2597 498 2650 morum
518 2577 710 2653 similitudo
726 2574 911 2671 jungebat.
955 2576 1000 2652 Ut
1016 2570 1086 2664 efflr
1103 2589 1205 2665 ergo,

132 2675 272 2764 inquit,
296 2692 386 2769 pater
402 2684 541 2750 omnium
557 2679 748 2753 credentium
760 2700 817 2771 per
828 2677 1038 2776 preputium,
1063 2687 1100 2742 ui
1113 2691 1204 2765 repu-

131 2791 223 2847 tetur
239 2777 304 2844 ruis
319 2778 358 2845 ad
371 2779 550 2872 justitiam,
576 2776 614 2855 (ὅ
624 2779 670 2873 fit
684 2796 774 2871 pater
787 2774 1044 2868 circumcifionis,
1069 2796 1135 2842 rrum
1149 2772 1203 2839 iris

128 2891 280 2959 rantum,
306 2880 364 2972 qui
377 2878 454 2964 (unt
473 2905 511 2951 ex
524 2879 761 2974 circumcrfiaue,
786 2878 837 2962 sed
853 2876 891 2953 (ὅ
906 2876 986 2960 iliis,
995 2877 1050 2969 qui
1061 2873 1201 2968 sequun-

132 2991 189 3047 tur
214 2975 344 3072 uestigia
370 2985 456 3073 ejus,
482 2980 611 3075 quaesi
637 2985 673 3048 in
697 2983 850 3074 preputio
867 2978 948 3069 fidei
967 2978 1074 3072 patris
1099 2971 1201 3070 nostri

131 3075 279 3148 Adraha.
331 3077 372 3149 ln
392 3099 464 3169 quo
482 3079 670 3156 evidenter
687 3102 730 3150 ex
750 3093 906 3169 utroque
924 3075 1083 3168 populo,
1110 3071 1202 3146 ficut

131 3175 290 3265 superius
310 3176 480 3268 diximus,
515 3181 733 3271 pronunciat
758 3199 833 3251 non
862 3176 977 3249 carnis
1002 3174 1199 3267 originem,

130 3273 189 3350 sed
206 3277 469 3352 durabilitatem
487 3276 569 3351 fidei
586 3280 847 3371 requirendam.
886 3275 945 3348 De
963 3271 1200 3345 circumcisro·

129 3376 184 3450 nis
205 3389 324 3449 autem
347 3374 569 3452 sacramento
591 3382 696 3450 iatius
715 3377 784 3474 jam
801 3380 838 3450 in
853 3371 1092 3470 superioribus
1111 3369 1211 3441 dixi·

128 3494 207 3548 mus
218 3498 239 3562 ς’
256 3476 314 3550 sed
333 3477 418 3550 &in
435 3479 510 3551 aiiir
526 3480 686 3572 pluribus
699 3479 815 3567 locis,
842 3495 919 3565 quae
936 3493 1004 3565 pro
1022 3494 1062 3543 re
1077 3471 1110 3542 dr
1127 3488 1196 3562 pro

130 3588 299 3667 tempere
320 3596 514 3651 occurrere
533 3577 606 3651 visa
621 3577 722 3671 sunt,
748 3575 988 3669 exposuimus.
1033 3570 1101 3642 Sed
1119 3568 1197 3642 dili·

128 3690 273 3770 gentem
291 3675 481 3770 lediorem,
509 3699 613 3771 quem
630 3670 832 3752 iura-unum
852 3689 912 3748 aut
930 3692 1022 3746 unus
1041 3692 1131 3764 apex
1149 3669 1196 3742 de
1277 3703 1281 3722 ι

126 3777 208 3870 lege
230 3796 306 3849 non
326 3782 503 3869 praeterit,
530 3799 577 3850 ne
593 3777 679 3850 iilud
697 3778 838 3868 quidem
855 3777 968 3847 latere
983 3772 1105 3863 debet,
1115 3771 1197 3861 quia

127 3876 221 3969 hoc,
248 3878 347 3968 quod
366 3878 563 3972 Apostolus
583 3878 692 3950 dixit:
722 3883 881 3973 Repurnra
901 3873 941 3971 'fi
965 3871 1100 3943 Abradae
1112 3870 1196 3960 fider

126 3984 193 4076 rjus
207 3981 246 4050 ad
257 3978 437 4076 juditium,
453 3981 517 4054 ilio
535 3996 806 4073 tempore,cum
823 3977 869 4051 de
884 3993 932 4051 eo
948 3969 1116 4070 scripturn
1130 3966 1202 4057 est„
1238 4023 1240 4030 ·
1279 3993 1281 4008 ¹

651 4075 738 4184 L4
1064 4067 1178 4166 <xuni
1249 4039 1282 4160 Ι
