2825 4559
193 365 197 372 ·
267 344 330 422 1n
356 337 531 421 taisi.
558 341 637 420 nn
662 339 890 421 nonin.
915 340 1025 420 nna
1046 341 1115 422 ni.
1165 349 1243 441 a4⁶7

162 523 239 582 non
259 525 324 599 pet
343 505 520 580 antistitaa
547 506 784 601 &principea
800 505 1061 598 Bathinum,
1087 505 1149 581 sed
1172 527 1239 603 per
1284 520 1295 551 -’

166 610 288 682 mundi
305 607 464 700 judicem
483 608 602 680 voluit
620 610 815 680 vindicati:
842 608 962 681 &hoc
978 611 1089 682 sciens
1108 607 1238 682 Paulus
1258 653 1266 658 --

165 708 368 781 retiacum
397 707 594 782 ministrnm
618 708 688 780 Dei
714 710 903 800 nominat,
939 708 1181 782 &vindicem
1199 710 1238 782 in

166 827 267 899 cum,
297 811 355 899 qui
373 810 470 898 quod
487 810 617 881 maium
633 806 686 880 est
701 809 785 904 agit.
816 809 928 909 Quod
949 823 1068 882 autem
1089 808 1176 882 dicit
1191 808 1239 884 de

165 907 365 1001 potestate:
396 911 459 978 Fac
480 912 560 1003 qaod
584 911 699 978 bonum
724 909 783 1004 ‘fl’
801 910 847 987 ιθ
861 909 986 979 habebis
1001 911 1122 978 laudem
1135 933 1174 988 ax
1189 933 1238 1004 ea,

165 1009 269 1081 altius
286 1007 541 1099 requirendum
557 1009 642 1081 mihi
660 1008 816 1081 videtur.
870 1008 959 1081 Non
976 1009 1069 1081 enim
1087 1006 1238 1080 consue·

164 1108 256 1182 tudo
284 1108 333 1180 est
357 1107 594 1198 potestatibus
620 1107 756 1195 saculi,
783 1108 926 1180 laudare
950 1109 1041 1184 hos,
1068 1110 1127 1199 qui
1157 1127 1235 1182 non

162 1207 300 1280 fuerint
321 1207 510 1281 criminosi.
561 1204 656 1282 Nam
681 1222 877 1301 peccantes
902 1208 1045 1300 quidem
1065 1206 1235 1299 puniunt,

163 1328 240 1380 non
257 1323 452 1399 peccantes
476 1327 568 1379 vero
584 1299 728 1382 laudare
746 1311 795 1380 eis
814 1328 895 1381 mos
911 1309 1029 1381 nullus
1050 1307 1111 1381 est.
1164 1306 1236 1406 Sec
1260 1309 1274 1338 “

164 1408 372 1498 videamus,
400 1427 446 1480 ne
463 1406 563 1480 forte
579 1405 729 1500 Paulus,
751 1410 858 1481 etiam
874 1429 954 1482 curn
972 1406 1122 1481 moralia
1135 1407 1236 1479 vide·

163 1520 223 1578 tur
249 1517 407 1598 docete,
433 1505 589 1580 inserere
612 1506 750 1601 semper
776 1509 882 1581 etiam
905 1510 953 1580 'de
976 1506 1151 1599 mysteriis
1175 1507 1237 1579 ali·

167 1607 254 1702 quid
269 1627 345 1679 non
362 1609 516 1680 omittat.
545 1604 689 1681 Etenim
707 1599 965 1698 sciens‚'quod
982 1632 1103 1693 omnes,
1128 1612 1234 1703 quiin

165 1709 227 1799 iege
250 1725 475 1802 peccaverunt,
496 1707 658 1803 perlegam
668 1709 918 1804 judicabuntur:
943 1726 1235 1798 unumquemque

165 1822 286 1880 antem
309 1811 344 1880 in
359 1807 496 1898 judicio
517 1808 576 1880 ilia
596 1810 657 1880 lex
672 1809 753 1881 sine·
766 1808 878 1881 dubio
896 1821 1020 1903 arguet
1041 1804 1236 1882 secundum

167 1907 266 1998 quod
284 1910 396 2001 vixit,
423 1907 665 2002 (ostendimus
691 1922 808 1980 autc-m
835 1907 990 1982 sannam
1008 1904 1178 1999 Spiritum
1197 1907 1236 1980 in

166 2008 285 2081 multis
306 2011 467 2080 humana
482 2010 549 2103 iegi
571 2012 692 2083 iocum
711 2006 864 2103 dedisse)
892 2021 1029 2080 certum
1054 2005 1104 2080 est
1129 2026 1235 2101 ergo,

172 2109 251 2196 quia
268 2109 304 2179 in
323 2109 380 2179 die
393 2108 516 2199 judicii
543 2109 691 2181 habebit
717 2110 823 2184 etiam
849 2106 982 2180 existis
1000 2107 1139 2202 legibus
1163 2106 1238 2178 lau·
1309 2201 1312 2206 Ι

166 2207 247 2280 dem
264 2208 358 2297 apud
379 2207 495 2279 Deum
514 2209 565 2297 is,
593 2212 652 2297 qui
670 2209 757 2296 nihil
775 2223 904 2280 contra
923 2205 1071 2280 statutas
1089 2205 1238 2281 commi·

166 2303 250 2377 serit
269 2308 386 2401 leges,
413 2327 494 2380 cuin
513 2307 654 2379 dicetur
671 2309 702 2380 ei
722 2330 741 2379 a
757 2308 918 2382 Domino
934 2331 944 2380 τ
981 2309 1066 2400 Euge
1078 2309 1172 2396 seiae
1189 2309 1243 2378 bo:

166 2430 207 2474 ne
222 2406 259 2480 U
270 2407 401 2493 fideli13
421 2407 514 2500 super
525 2406 735 2503 paucajuifli
743 2410 874 2498 fidelis,
899 2410 988 2501 saper
1003 2412 1104 2480 muita
1121 2425 1153 2478 te
1165 2430 1238 2482 tan·

159 2505 305 2602 flituam.
358 2505 549 2578 Sciendum
571 2518 692 2579 tamen
714 2507 786 2598 est,
814 2507 912 2599 quod
935 2507 1018 2603 justo
1040 2510 1092 2577 tex
1112 2532 1176 2578 non
1198 2506 1239 2604 eft

162 2603 279 2704 pafita,
299 2604 350 2692 [ed
364 2606 491 2700 injafla's
509 2609 547 2680 U
560 2629 628 2677 'nan
639 2605 798 2694 subditis,
819 2608 962 2701 scelestis,
976 2608 1152 2693 homicidis,
1168 2631 1239 2694 can-
1267 2695 1271 2704 Ι

166 2710 358 2785 inminutis,
381 2709 542 2801 perjuris,
568 2703 609 2780 U
624 2712 746 2777 ceteris
761 2711 820 2804 qut'
835 2707 1013 2801 hujusmodi
1023 2706 1116 2796 sunt.
1168 2704 1239 2798 Ipsi

167 2806 262 2879 enim
280 2803 380 2897 sunt,
403 2807 462 2896 qui
484 2807 613 2878 timent
638 2808 766 2903 legem.
818 2810 893 2905 Qui
918 2821 1036 2879 autern
1062 2806 1150 2880 facit
1172 2809 1239 2879 bo·

166 2925 276 2996 num,
301 2904 465 2996 boecii,
493 2907 554 2996 qui
579 2925 656 2978 non
677 2907 908 3003 metuiegis,
935 2905 993 2979 sed
1012 2927 1134 2980 amore
1149 2906 1241 2980 boni
1284 2957 1286 2962 -

169 3003 255 3078 facit
274 3006 372 3097 quod
392 3008 529 3078 bonum
552 3004 622 3096 est,
648 3002 713 3079 iste
730 3006 802 3099 jam
823 3026 900 3080 non
921 3003 984 3079 sub
1007 3007 1090 3103 lege
1110 3006 1241 3096 literae,

166 3103 225 3177 sed
241 3105 303 3177 sub
321 3107 401 3201 lege
417 3103 557 3198 spiritui
574 3105 680 3180 vivit.
699 3141 703 3150 =
1249 3139 1257 3144 ·

130 3217 135 3225 '
248 3221 307 3298 29.
336 3208 404 3275 iaco
432 3203 606 3304 neceffiafl
627 3205 768 3294 subditos
799 3200 873 3295 effe,
905 3228 971 3276 nan
993 3204 1095 3293 solum
1117 3217 1243 3306 propinas

167 3305 269 3390 iram,
315 3303 428 3393 sedi)
457 3320 585 3400 propter
608 3305 841 3393 conscientiam.
869 3305 938 3377 Ideo
955 3309 1041 3376 enim
1061 3309 1099 3379 U
1120 3305 1244 3375 tributa
1278 3319 1280 3324 '

169 3406 322 3499 penditis.
353 3405 507 3500 Miniflri
522 3410 609 3475 enim
631 3409 697 3476 Dei
709 3405 810 3494 sant,
836 3407 873 3475 ἐπ
890 3407 946 3476 hac
961 3408 1058 3500 ipsum
1075 3403 1245 3501 inflantes.
1281 3425 1289 3440 ’

167 3503 325 3575 Ordinat
353 3504 496 3594 quidem
522 3525 587 3595 pet
612 3506 688 3578 haec
714 3503 841 3577 Paulu's
866 3503 1058 3578 Ecclesiam
1075 3504 1178 3596 Dei,
1204 3515 1246 3578 ut

168 3603 257 3676 nihil
274 3603 410 3678 adverst
427 3605 650 3697 principibus
669 3604 951 3696 &potestatibus
968 3599 1083 3704 saeculi
1103 3623 1245 3698 gerent,
1314 3653 1317 3658 -

168 3721 234 3795 per
258 3703 416 3793 quietem
441 3705 476 3776 &
497 3705 792 3794 tranquillitatem
812 3706 919 3796 vita,
946 3726 1042 3796 opus
1054 3701 1248 3795 justitia&

165 3802 310 3894 pietatis
340 3817 519 3878 exerceat.
572 3803 730 3876 sienim
757 3823 955 3895 ponamus,
984 3806 1088 3878 verbi
1114 3805 1248 3900 gratia,

167 3901 364 3976 credentes
383 3902 525 3978 Christo
543 3901 783 3998 potestatibus
802 3901 918 3992 saeculi
943 3924 1019 3984 non
1042 3901 1112 3976 eise
1136 3901 1251 3994 subja·

171 3999 269 4100 iton,
296 4003 434 4078 tributa
455 4021 535 4120 πρυ
557 4001 829 4208 εεάὸετὸὶυξσ
847 4002 1035 4104 vectigalia
1055 4001 1261 4166 nesssffis
1296 3995 1339 4118 gi
