<?xml version="1.0" encoding="UTF-8"?>
<!DOCTYPE html PUBLIC "-//W3C//DTD XHTML 1.0 Transitional//EN"
    "http://www.w3.org/TR/xhtml1/DTD/xhtml1-transitional.dtd">
<html xmlns="http://www.w3.org/1999/xhtml" xml:lang="en" lang="en">
 <head>
  <title>
</title>
<meta http-equiv="Content-Type" content="text/html;charset=utf-8" />
  <meta name='ocr-system' content='tesseract 3.04.00' />
  <meta name='ocr-capabilities' content='ocr_page ocr_carea ocr_par ocr_line ocrx_word'/>
</head>
<body>
  <div class='ocr_page' id='page_1' title='image "./operaomniasanct12unkngoog_0239.png"; bbox 0 0 2825 4559; ppageno 0'>
   <div class='ocr_carea' id='block_1_1' title="bbox 130 249 1217 352">
    <p class='ocr_par' dir='ltr' id='par_1_1' title="bbox 130 249 1217 352">
     <span class='ocr_line' id='line_1_1' title="bbox 130 249 1217 352; baseline 0.008 -24"><span class='ocrx_word' id='word_1_1' title='bbox 130 317 159 344; x_wconf 72' lang='grc'>.,</span> <span class='ocrx_word' id='word_1_2' title='bbox 252 255 316 336; x_wconf 87' lang='grc' dir='ltr'>ΙΝ</span> <span class='ocrx_word' id='word_1_3' title='bbox 342 249 518 334; x_wconf 77' lang='lat' dir='ltr'>urlsT.</span> <span class='ocrx_word' id='word_1_4' title='bbox 544 254 624 330; x_wconf 78' lang='lat' dir='ltr'>AD</span> <span class='ocrx_word' id='word_1_5' title='bbox 651 253 882 333; x_wconf 85' lang='lat' dir='ltr'>ROMAN.</span> <span class='ocrx_word' id='word_1_6' title='bbox 908 254 1012 335; x_wconf 76' lang='lat' dir='ltr'>tle.</span> <span class='ocrx_word' id='word_1_7' title='bbox 1040 255 1089 335; x_wconf 86' lang='lat' dir='ltr'>V.</span> <span class='ocrx_word' id='word_1_8' title='bbox 1144 275 1217 352; x_wconf 66' lang='grc' dir='ltr'>ης</span> 
     </span>
    </p>
   </div>
   <div class='ocr_carea' id='block_1_2' title="bbox 111 417 1332 3790">
    <p class='ocr_par' dir='ltr' id='par_1_2' title="bbox 111 417 1332 3790">
     <span class='ocr_line' id='line_1_2' title="bbox 111 417 1211 512; baseline 0.002 -17"><span class='ocrx_word' id='word_1_9' title='bbox 111 475 115 483; x_wconf 77' lang='lat'>.</span> <span class='ocrx_word' id='word_1_10' title='bbox 136 422 199 497; x_wconf 87' lang='lat' dir='ltr'>vel</span> <span class='ocrx_word' id='word_1_11' title='bbox 215 442 260 495; x_wconf 87' lang='lat' dir='ltr'>ex</span> <span class='ocrx_word' id='word_1_12' title='bbox 277 422 561 512; x_wconf 79' lang='lat' dir='ltr'>quibuscumque</span> <span class='ocrx_word' id='word_1_13' title='bbox 575 419 636 494; x_wconf 90' lang='lat' dir='ltr'>hic</span> <span class='ocrx_word' id='word_1_14' title='bbox 652 419 805 500; x_wconf 71' lang='lat' dir='ltr'>mundus</span> <span class='ocrx_word' id='word_1_15' title='bbox 820 417 980 499; x_wconf 83' lang='lat' dir='ltr'>constat,</span> <span class='ocrx_word' id='word_1_16' title='bbox 1005 441 1074 494; x_wconf 89' lang='lat' dir='ltr'>nec</span> <span class='ocrx_word' id='word_1_17' title='bbox 1090 432 1211 498; x_wconf 86' lang='lat' dir='ltr'>tamen</span> 
     </span>
     <span class='ocr_line' id='line_1_3' title="bbox 140 517 1209 614; baseline 0.003 -19"><span class='ocrx_word' id='word_1_18' title='bbox 140 524 178 595; x_wconf 90' lang='lat' dir='ltr'>in</span> <span class='ocrx_word' id='word_1_19' title='bbox 202 523 255 595; x_wconf 87' lang='lat' dir='ltr'>his</span> <span class='ocrx_word' id='word_1_20' title='bbox 277 517 538 614; x_wconf 76' lang='lat' dir='ltr'>creditur&#39;ell&#39;e</span> <span class='ocrx_word' id='word_1_21' title='bbox 556 532 767 612; x_wconf 88' lang='lat' dir='ltr'>peccatum,</span> <span class='ocrx_word' id='word_1_22' title='bbox 793 520 897 609; x_wconf 90' lang='lat' dir='ltr'>quale</span> <span class='ocrx_word' id='word_1_23' title='bbox 916 521 957 591; x_wconf 80' lang='lat' dir='ltr'>sit</span> <span class='ocrx_word' id='word_1_24' title='bbox 975 524 1209 611; x_wconf 67' lang='lat' dir='ltr'>requiramui.</span> 
     </span>
     <span class='ocr_line' id='line_1_4' title="bbox 135 616 1320 718; baseline 0.002 -23"><span class='ocrx_word' id='word_1_25' title='bbox 135 623 296 696; x_wconf 89' lang='lat' dir='ltr'>Videtur</span> <span class='ocrx_word' id='word_1_26' title='bbox 313 620 422 711; x_wconf 88' lang='lat' dir='ltr'>milri,</span> <span class='ocrx_word' id='word_1_27' title='bbox 450 620 548 708; x_wconf 86' lang='lat' dir='ltr'>quod</span> <span class='ocrx_word' id='word_1_28' title='bbox 562 619 620 690; x_wconf 90' lang='lat' dir='ltr'>hic</span> <span class='ocrx_word' id='word_1_29' title='bbox 637 616 839 709; x_wconf 79' lang='lat' dir='ltr'>Apostolus</span> <span class='ocrx_word' id='word_1_30' title='bbox 853 618 1019 692; x_wconf 86' lang='lat' dir='ltr'>homines</span> <span class='ocrx_word' id='word_1_31' title='bbox 1039 619 1121 692; x_wconf 83' lang='lat' dir='ltr'>illos</span> <span class='ocrx_word' id='word_1_32' title='bbox 1135 617 1211 697; x_wconf 88' lang='lat' dir='ltr'>sen·</span> <span class='ocrx_word' id='word_1_33' title='bbox 1317 703 1320 718; x_wconf 51' lang='grc'>,</span> 
     </span>
     <span class='ocr_line' id='line_1_5' title="bbox 138 714 1211 813; baseline 0.001 -20"><span class='ocrx_word' id='word_1_34' title='bbox 138 721 227 811; x_wconf 78' lang='lat' dir='ltr'>t&#39;iat,</span> <span class='ocrx_word' id='word_1_35' title='bbox 256 720 313 811; x_wconf 91' lang='lat' dir='ltr'>qui</span> <span class='ocrx_word' id='word_1_36' title='bbox 328 716 399 813; x_wconf 87' lang='lat' dir='ltr'>jam</span> <span class='ocrx_word' id='word_1_37' title='bbox 415 719 566 790; x_wconf 89' lang='lat' dir='ltr'>rationis</span> <span class='ocrx_word' id='word_1_38' title='bbox 584 739 733 810; x_wconf 84' lang='lat' dir='ltr'>capaces</span> <span class='ocrx_word' id='word_1_39' title='bbox 749 714 849 808; x_wconf 90' lang='lat' dir='ltr'>suut,</span> <span class='ocrx_word' id='word_1_40' title='bbox 878 717 1145 791; x_wconf 82' lang='lat' dir='ltr'>&amp;naturalibus</span> <span class='ocrx_word' id='word_1_41' title='bbox 1159 721 1211 794; x_wconf 89' lang='lat' dir='ltr'>le·</span> 
     </span>
     <span class='ocr_line' id='line_1_6' title="bbox 137 818 1208 916; baseline 0.003 -25"><span class='ocrx_word' id='word_1_42' title='bbox 137 823 240 916; x_wconf 81' lang='lat' dir='ltr'>gibus</span> <span class='ocrx_word' id='word_1_43' title='bbox 258 832 405 910; x_wconf 89' lang='lat' dir='ltr'>parent:</span> <span class='ocrx_word' id='word_1_44' title='bbox 432 818 527 891; x_wconf 83' lang='lat' dir='ltr'>illam</span> <span class='ocrx_word' id='word_1_45' title='bbox 545 838 637 889; x_wconf 90' lang='lat' dir='ltr'>vero</span> <span class='ocrx_word' id='word_1_46' title='bbox 656 832 898 913; x_wconf 66' lang='lat' dir='ltr'>aetatemque</span> <span class='ocrx_word' id='word_1_47' title='bbox 916 822 1078 894; x_wconf 88' lang='lat' dir='ltr'>nondum</span> <span class='ocrx_word' id='word_1_48' title='bbox 1094 821 1136 891; x_wconf 91' lang='lat' dir='ltr'>ad</span> <span class='ocrx_word' id='word_1_49' title='bbox 1152 842 1208 894; x_wconf 89' lang='lat' dir='ltr'>ca-</span> 
     </span>
     <span class='ocr_line' id='line_1_7' title="bbox 136 911 1209 1014; baseline 0.003 -21"><span class='ocrx_word' id='word_1_50' title='bbox 136 922 330 1014; x_wconf 88' lang='lat' dir='ltr'>pacitatem</span> <span class='ocrx_word' id='word_1_51' title='bbox 347 918 501 988; x_wconf 76' lang='lat' dir='ltr'>rationis·</span> <span class='ocrx_word' id='word_1_52' title='bbox 517 911 676 1007; x_wconf 84' lang='lat' dir='ltr'>accessit,</span> <span class='ocrx_word' id='word_1_53' title='bbox 703 925 872 990; x_wconf 83' lang='lat' dir='ltr'>nontam</span> <span class='ocrx_word' id='word_1_54' title='bbox 890 916 1076 1014; x_wconf 82' lang='lat' dir='ltr'>homines,</span> <span class='ocrx_word' id='word_1_55' title='bbox 1104 940 1209 1009; x_wconf 82' lang='lat' dir='ltr'>quarn</span> 
     </span>
     <span class='ocr_line' id='line_1_8' title="bbox 137 1009 1208 1110; baseline 0.002 -17"><span class='ocrx_word' id='word_1_56' title='bbox 137 1018 310 1093; x_wconf 88' lang='lat' dir='ltr'>mundum</span> <span class='ocrx_word' id='word_1_57' title='bbox 326 1009 679 1110; x_wconf 77' lang='lat' dir='ltr'>appellauerit,rpro</span> <span class='ocrx_word' id='word_1_58' title='bbox 697 1036 765 1106; x_wconf 92' lang='lat' dir='ltr'>eo,</span> <span class='ocrx_word' id='word_1_59' title='bbox 793 1014 891 1108; x_wconf 80' lang='lat' dir='ltr'>quod</span> <span class='ocrx_word' id='word_1_60' title='bbox 917 1031 1037 1108; x_wconf 83' lang='lat' dir='ltr'>parter</span> <span class='ocrx_word' id='word_1_61' title='bbox 1064 1021 1208 1110; x_wconf 88' lang='lat' dir='ltr'>quidem</span> 
     </span>
     <span class='ocr_line' id='line_1_9' title="bbox 136 1114 1209 1207; baseline -0.001 -14"><span class='ocrx_word' id='word_1_62' title='bbox 136 1117 259 1193; x_wconf 86' lang='lat' dir='ltr'>mundi</span> <span class='ocrx_word' id='word_1_63' title='bbox 278 1114 366 1207; x_wconf 77' lang='lat' dir='ltr'>sint,</span> <span class='ocrx_word' id='word_1_64' title='bbox 394 1116 554 1188; x_wconf 90' lang='lat' dir='ltr'>nondum</span> <span class='ocrx_word' id='word_1_65' title='bbox 571 1129 690 1187; x_wconf 89' lang='lat' dir='ltr'>tamen</span> <span class='ocrx_word' id='word_1_66' title='bbox 707 1117 743 1187; x_wconf 91' lang='lat' dir='ltr'>in</span> <span class='ocrx_word' id='word_1_67' title='bbox 760 1116 834 1187; x_wconf 89' lang='lat' dir='ltr'>hoc</span> <span class='ocrx_word' id='word_1_68' title='bbox 850 1118 1039 1204; x_wconf 84' lang='lat' dir='ltr'>venerint,</span> <span class='ocrx_word' id='word_1_69' title='bbox 1066 1134 1106 1187; x_wconf 93' lang='lat' dir='ltr'>ut</span> <span class='ocrx_word' id='word_1_70' title='bbox 1124 1119 1209 1191; x_wconf 89' lang='lat' dir='ltr'>ima·</span> 
     </span>
     <span class='ocr_line' id='line_1_10' title="bbox 136 1209 1311 1313; baseline -0.003 -24"><span class='ocrx_word' id='word_1_71' title='bbox 136 1214 256 1313; x_wconf 80' lang='lat' dir='ltr'>giuer&#39;n</span> <span class='ocrx_word' id='word_1_72' title='bbox 277 1215 315 1287; x_wconf 90' lang='lat' dir='ltr'>in</span> <span class='ocrx_word' id='word_1_73' title='bbox 331 1213 365 1287; x_wconf 92' lang='lat' dir='ltr'>se</span> <span class='ocrx_word' id='word_1_74' title='bbox 383 1215 473 1307; x_wconf 90' lang='lat' dir='ltr'>Dei,</span> <span class='ocrx_word' id='word_1_75' title='bbox 499 1215 543 1286; x_wconf 93' lang='lat' dir='ltr'>ad</span> <span class='ocrx_word' id='word_1_76' title='bbox 570 1234 674 1305; x_wconf 91' lang='lat' dir='ltr'>quarn</span> <span class='ocrx_word' id='word_1_77' title='bbox 700 1215 814 1292; x_wconf 85' lang='lat' dir='ltr'>horno</span> <span class='ocrx_word' id='word_1_78' title='bbox 836 1211 946 1286; x_wconf 71' lang='lat' dir='ltr'>sallus</span> <span class='ocrx_word' id='word_1_79' title='bbox 969 1209 1039 1288; x_wconf 80' lang='lat' dir='ltr'>elle</span> <span class='ocrx_word' id='word_1_80' title='bbox 1062 1217 1207 1309; x_wconf 89' lang='lat' dir='ltr'>dicltur,</span> <span class='ocrx_word' id='word_1_81' title='bbox 1309 1224 1311 1227; x_wconf 82' lang='grc'><strong>’</strong></span> 
     </span>
     <span class='ocr_line' id='line_1_11' title="bbox 137 1307 1325 1409; baseline 0.003 -22"><span class='ocrx_word' id='word_1_82' title='bbox 137 1317 338 1409; x_wconf 77' lang='lat' dir='ltr'>capacitate</span> <span class='ocrx_word' id='word_1_83' title='bbox 362 1313 513 1386; x_wconf 87' lang='lat' dir='ltr'>rationis</span> <span class='ocrx_word' id='word_1_84' title='bbox 537 1309 781 1406; x_wconf 70' lang='lat' dir='ltr'>expresserint.</span> <span class='ocrx_word' id='word_1_85' title='bbox 833 1307 903 1386; x_wconf 78' lang='lat' dir='ltr'>Se&#39;d</span> <span class='ocrx_word' id='word_1_86' title='bbox 928 1312 961 1385; x_wconf 70' lang='lat' dir='ltr'>oc</span> <span class='ocrx_word' id='word_1_87' title='bbox 985 1315 1071 1387; x_wconf 91' lang='lat' dir='ltr'>illud</span> <span class='ocrx_word' id='word_1_88' title='bbox 1100 1317 1209 1390; x_wconf 87' lang='lat' dir='ltr'>velim</span> <span class='ocrx_word' id='word_1_89' title='bbox 1321 1326 1325 1332; x_wconf 84' lang='lat'><em>&#39;</em></span> 
     </span>
     <span class='ocr_line' id='line_1_12' title="bbox 136 1401 1207 1510; baseline 0.001 -22"><span class='ocrx_word' id='word_1_90' title='bbox 136 1411 316 1510; x_wconf 75' lang='lat' dir='ltr'>(nisr‘plus</span> <span class='ocrx_word' id='word_1_91' title='bbox 328 1412 424 1505; x_wconf 87' lang='lat' dir='ltr'>justo</span> <span class='ocrx_word' id='word_1_92' title='bbox 444 1401 620 1486; x_wconf 88' lang='lat' dir='ltr'>curiosum</span> <span class='ocrx_word' id='word_1_93' title='bbox 641 1412 808 1506; x_wconf 88' lang='lat' dir='ltr'>uidetur)</span> <span class='ocrx_word' id='word_1_94' title='bbox 823 1410 1026 1503; x_wconf 89' lang='lat' dir='ltr'>inquirere,</span> <span class='ocrx_word' id='word_1_95' title='bbox 1053 1413 1207 1489; x_wconf 90' lang='lat' dir='ltr'>neforte</span> 
     </span>
     <span class='ocr_line' id='line_1_13' title="bbox 136 1511 1292 1609; baseline -0.001 -21"><span class='ocrx_word' id='word_1_96' title='bbox 136 1512 330 1588; x_wconf 88' lang='lat' dir='ltr'>secundum</span> <span class='ocrx_word' id='word_1_97' title='bbox 353 1532 437 1602; x_wconf 86' lang='lat' dir='ltr'>eos,</span> <span class='ocrx_word' id='word_1_98' title='bbox 465 1514 523 1604; x_wconf 87' lang='lat' dir='ltr'>qui</span> <span class='ocrx_word' id='word_1_99' title='bbox 546 1511 670 1602; x_wconf 87' lang='lat' dir='ltr'>Moyfi</span> <span class='ocrx_word' id='word_1_100' title='bbox 687 1514 801 1606; x_wconf 81' lang='lat' dir='ltr'>legem</span> <span class='ocrx_word' id='word_1_101' title='bbox 826 1513 862 1584; x_wconf 93' lang='lat' dir='ltr'>in</span> <span class='ocrx_word' id='word_1_102' title='bbox 886 1512 940 1585; x_wconf 90' lang='lat' dir='ltr'>his</span> <span class='ocrx_word' id='word_1_103' title='bbox 964 1512 1115 1609; x_wconf 78' lang='lat' dir='ltr'>intelligi</span> <span class='ocrx_word' id='word_1_104' title='bbox 1141 1535 1208 1587; x_wconf 85' lang='lat' dir='ltr'>vo·</span> <span class='ocrx_word' id='word_1_105' title='bbox 1243 1565 1246 1579; x_wconf 84' lang='lat'>.</span> <span class='ocrx_word' id='word_1_106' title='bbox 1290 1603 1292 1608; x_wconf 23' lang='grc' dir='ltr'>Ι</span> 
     </span>
     <span class='ocr_line' id='line_1_14' title="bbox 136 1611 1303 1708; baseline -0.003 -22"><span class='ocrx_word' id='word_1_107' title='bbox 136 1612 241 1708; x_wconf 84' lang='lat' dir='ltr'>lunt,</span> <span class='ocrx_word' id='word_1_108' title='bbox 267 1634 332 1704; x_wconf 86' lang='lat' dir='ltr'>pel·</span> <span class='ocrx_word' id='word_1_109' title='bbox 346 1614 419 1684; x_wconf 87' lang='lat' dir='ltr'>hoc</span> <span class='ocrx_word' id='word_1_110' title='bbox 438 1611 536 1704; x_wconf 87' lang='lat' dir='ltr'>quod</span> <span class='ocrx_word' id='word_1_111' title='bbox 553 1612 665 1695; x_wconf 80' lang='lat' dir='ltr'>dicit,</span> <span class='ocrx_word' id='word_1_112' title='bbox 692 1611 854 1689; x_wconf 75' lang='lat' dir='ltr'>Peccatum</span> <span class='ocrx_word' id='word_1_113' title='bbox 871 1631 975 1681; x_wconf 81' lang='lat' dir='ltr'>autem</span> <span class='ocrx_word' id='word_1_114' title='bbox 989 1638 1055 1682; x_wconf 83' lang='lat' dir='ltr'>norr-</span> <span class='ocrx_word' id='word_1_115' title='bbox 1073 1628 1208 1706; x_wconf 63' lang='lat' dir='ltr'>ramum·</span> <span class='ocrx_word' id='word_1_116' title='bbox 1281 1647 1303 1658; x_wconf 76' lang='grc'>·’</span> 
     </span>
     <span class='ocr_line' id='line_1_15' title="bbox 130 1708 1209 1807; baseline 0.009 -31"><span class='ocrx_word' id='word_1_117' title='bbox 130 1732 212 1798; x_wconf 77' lang='lat' dir='ltr'>rur,</span> <span class='ocrx_word' id='word_1_118' title='bbox 228 1737 298 1782; x_wconf 85' lang='lat' dir='ltr'>cum</span> <span class='ocrx_word' id='word_1_119' title='bbox 311 1714 362 1780; x_wconf 82' lang='lat' dir='ltr'>lex</span> <span class='ocrx_word' id='word_1_120' title='bbox 377 1736 441 1781; x_wconf 84' lang='lat' dir='ltr'>mn</span> <span class='ocrx_word' id='word_1_121' title='bbox 457 1711 516 1805; x_wconf 76' lang='lat' dir='ltr'>eft,</span> <span class='ocrx_word' id='word_1_122' title='bbox 544 1710 711 1782; x_wconf 90' lang='lat' dir='ltr'>videatur</span> <span class='ocrx_word' id='word_1_123' title='bbox 730 1713 835 1783; x_wconf 92' lang='lat' dir='ltr'>etiam</span> <span class='ocrx_word' id='word_1_124' title='bbox 853 1708 1027 1784; x_wconf 89' lang='lat' dir='ltr'>Diabolus</span> <span class='ocrx_word' id='word_1_125' title='bbox 1045 1712 1209 1807; x_wconf 85' lang='lat' dir='ltr'>&amp;angeli</span> 
     </span>
     <span class='ocr_line' id='line_1_16' title="bbox 141 1783 1210 1908; baseline -0.008 -22"><span class='ocrx_word' id='word_1_126' title='bbox 141 1814 217 1904; x_wconf 74' lang='lat' dir='ltr'>eius</span> <span class='ocrx_word' id='word_1_127' title='bbox 237 1807 397 1908; x_wconf 85' lang='lat' dir='ltr'>absolvi,</span> <span class='ocrx_word' id='word_1_128' title='bbox 424 1806 468 1902; x_wconf 86' lang='lat' dir='ltr'>sr,</span> <span class='ocrx_word' id='word_1_129' title='bbox 496 1809 556 1883; x_wconf 89' lang='lat' dir='ltr'>ubi</span> <span class='ocrx_word' id='word_1_130' title='bbox 573 1783 631 1880; x_wconf 77' lang='lat' dir='ltr'>llx</span> <span class='ocrx_word' id='word_1_131' title='bbox 650 1808 816 1902; x_wconf 89' lang='lat' dir='ltr'>nonest,</span> <span class='ocrx_word' id='word_1_132' title='bbox 843 1828 1033 1901; x_wconf 88' lang='lat' dir='ltr'>peccat-um</span> <span class='ocrx_word' id='word_1_133' title='bbox 1056 1834 1131 1885; x_wconf 90' lang='lat' dir='ltr'>non</span> <span class='ocrx_word' id='word_1_134' title='bbox 1155 1835 1210 1885; x_wconf 90' lang='lat' dir='ltr'>re.</span> 
     </span>
     <span class='ocr_line' id='line_1_17' title="bbox 139 1901 1325 2007; baseline 0.004 -24"><span class='ocrx_word' id='word_1_135' title='bbox 139 1927 299 2007; x_wconf 87' lang='lat' dir='ltr'>putatur.</span> <span class='ocrx_word' id='word_1_136' title='bbox 350 1901 399 1982; x_wconf 84' lang='lat' dir='ltr'>Et</span> <span class='ocrx_word' id='word_1_137' title='bbox 413 1910 602 2001; x_wconf 88' lang='lat' dir='ltr'>quomodo</span> <span class='ocrx_word' id='word_1_138' title='bbox 619 1924 700 1980; x_wconf 89' lang='lat' dir='ltr'>ante</span> <span class='ocrx_word' id='word_1_139' title='bbox 715 1912 831 2003; x_wconf 84' lang='lat' dir='ltr'>legem</span> <span class='ocrx_word' id='word_1_140' title='bbox 849 1910 967 2001; x_wconf 81' lang='lat' dir='ltr'>moyn</span> <span class='ocrx_word' id='word_1_141' title='bbox 985 1913 1044 1983; x_wconf 87' lang='lat' dir='ltr'>vel</span> <span class='ocrx_word' id='word_1_142' title='bbox 1065 1908 1209 2005; x_wconf 79' lang='lat' dir='ltr'>serpens</span> <span class='ocrx_word' id='word_1_143' title='bbox 1316 1977 1325 2000; x_wconf 74' lang='grc'>,</span> 
     </span>
     <span class='ocr_line' id='line_1_18' title="bbox 137 2008 1208 2094; baseline -0.001 -9"><span class='ocrx_word' id='word_1_144' title='bbox 137 2011 400 2085; x_wconf 81' lang='lat' dir='ltr'>condemnatus</span> <span class='ocrx_word' id='word_1_145' title='bbox 416 2009 488 2094; x_wconf 88' lang='lat' dir='ltr'>est,</span> <span class='ocrx_word' id='word_1_146' title='bbox 517 2010 575 2081; x_wconf 85' lang='lat' dir='ltr'>vel</span> <span class='ocrx_word' id='word_1_147' title='bbox 594 2008 728 2080; x_wconf 81' lang='lat' dir='ltr'>invidia</span> <span class='ocrx_word' id='word_1_148' title='bbox 745 2011 890 2081; x_wconf 85' lang='lat' dir='ltr'>Diaboli</span> <span class='ocrx_word' id='word_1_149' title='bbox 914 2029 1013 2085; x_wconf 83' lang='lat' dir='ltr'>mors</span> <span class='ocrx_word' id='word_1_150' title='bbox 1037 2011 1208 2084; x_wconf 82' lang='lat' dir='ltr'>introivit</span> 
     </span>
     <span class='ocr_line' id='line_1_19' title="bbox 135 2103 1209 2205; baseline -0.002 -20"><span class='ocrx_word' id='word_1_151' title='bbox 135 2111 174 2185; x_wconf 91' lang='lat' dir='ltr'>in</span> <span class='ocrx_word' id='word_1_152' title='bbox 195 2113 321 2182; x_wconf 88' lang='lat' dir='ltr'>orbem</span> <span class='ocrx_word' id='word_1_153' title='bbox 338 2103 540 2182; x_wconf 76' lang='lat' dir='ltr'>terrarum&#39;l</span> <span class='ocrx_word' id='word_1_154' title='bbox 577 2109 795 2203; x_wconf 72' lang='lat' dir='ltr'>‚Quomodo</span> <span class='ocrx_word' id='word_1_155' title='bbox 820 2112 949 2201; x_wconf 71' lang='lat' dir='ltr'>etiarn,</span> <span class='ocrx_word' id='word_1_156' title='bbox 977 2112 1075 2199; x_wconf 86' lang='lat' dir='ltr'>quod</span> <span class='ocrx_word' id='word_1_157' title='bbox 1100 2113 1209 2205; x_wconf 81' lang='lat' dir='ltr'>deae</span> 
     </span>
     <span class='ocr_line' id='line_1_20' title="bbox 135 2205 1332 2307; baseline 0.006 -25"><span class='ocrx_word' id='word_1_158' title='bbox 135 2206 338 2303; x_wconf 81' lang='lat' dir='ltr'>Apostolus</span> <span class='ocrx_word' id='word_1_159' title='bbox 353 2211 387 2280; x_wconf 89' lang='lat' dir='ltr'>in</span> <span class='ocrx_word' id='word_1_160' title='bbox 406 2205 565 2300; x_wconf 82' lang='lat' dir='ltr'>Epist&#39;ola</span> <span class='ocrx_word' id='word_1_161' title='bbox 582 2206 773 2279; x_wconf 78' lang='lat' dir='ltr'>catholica</span> <span class='ocrx_word' id='word_1_162' title='bbox 788 2208 896 2301; x_wconf 89' lang='lat' dir='ltr'>dicit,</span> <span class='ocrx_word' id='word_1_163' title='bbox 925 2211 1062 2300; x_wconf 89' lang='lat' dir='ltr'>poterit</span> <span class='ocrx_word' id='word_1_164' title='bbox 1091 2215 1211 2307; x_wconf 86' lang='lat' dir='ltr'>expia·</span> <span class='ocrx_word' id='word_1_165' title='bbox 1323 2267 1332 2289; x_wconf 76' lang='lat'>.</span> 
     </span>
     <span class='ocr_line' id='line_1_21' title="bbox 136 2301 1211 2409; baseline 0.001 -29"><span class='ocrx_word' id='word_1_166' title='bbox 136 2306 243 2384; x_wconf 71' lang='lat' dir='ltr'>nari?</span> <span class='ocrx_word' id='word_1_167' title='bbox 270 2308 445 2380; x_wconf 76' lang='lat' dir='ltr'>Ananim</span> <span class='ocrx_word' id='word_1_168' title='bbox 462 2312 531 2379; x_wconf 77' lang='lat' dir='ltr'>ita:</span> <span class='ocrx_word' id='word_1_169' title='bbox 559 2308 689 2399; x_wconf 73' lang='lat' dir='ltr'>Angelos</span> <span class='ocrx_word' id='word_1_170' title='bbox 703 2301 833 2409; x_wconf 69' lang='lat' dir='ltr'>qaoque,</span> <span class='ocrx_word' id='word_1_171' title='bbox 845 2313 902 2402; x_wconf 80' lang='lat' dir='ltr'>qui</span> <span class='ocrx_word' id='word_1_172' title='bbox 918 2335 981 2377; x_wconf 86' lang='lat' dir='ltr'>mm</span> <span class='ocrx_word' id='word_1_173' title='bbox 993 2311 1211 2396; x_wconf 77' lang='lat' dir='ltr'>servaverunt</span> 
     </span>
     <span class='ocr_line' id='line_1_22' title="bbox 133 2404 1211 2507; baseline -0.001 -27"><span class='ocrx_word' id='word_1_174' title='bbox 133 2414 351 2507; x_wconf 79' lang='lat' dir='ltr'>principatum</span> <span class='ocrx_word' id='word_1_175' title='bbox 371 2405 486 2494; x_wconf 77' lang='lat' dir='ltr'>suum,</span> <span class='ocrx_word' id='word_1_176' title='bbox 506 2404 560 2493; x_wconf 84' lang='lat' dir='ltr'>sed</span> <span class='ocrx_word' id='word_1_177' title='bbox 577 2406 814 2503; x_wconf 77' lang='lat' dir='ltr'>dereliquerunt</span> <span class='ocrx_word' id='word_1_178' title='bbox 831 2411 1021 2477; x_wconf 80' lang='lat' dir='ltr'>domicilium</span> <span class='ocrx_word' id='word_1_179' title='bbox 1033 2407 1143 2498; x_wconf 76' lang='lat' dir='ltr'>suum,</span> <span class='ocrx_word' id='word_1_180' title='bbox 1171 2420 1211 2480; x_wconf 82' lang='lat' dir='ltr'>in</span> 
     </span>
     <span class='ocr_line' id='line_1_23' title="bbox 131 2507 1319 2608; baseline 0.002 -29"><span class='ocrx_word' id='word_1_181' title='bbox 131 2512 290 2608; x_wconf 76' lang='lat' dir='ltr'>judicium</span> <span class='ocrx_word' id='word_1_182' title='bbox 308 2512 414 2600; x_wconf 81' lang='lat' dir='ltr'>magni</span> <span class='ocrx_word' id='word_1_183' title='bbox 431 2511 493 2577; x_wconf 83' lang='lat' dir='ltr'>diei</span> <span class='ocrx_word' id='word_1_184' title='bbox 508 2514 638 2577; x_wconf 74' lang='lat' dir='ltr'>eternis</span> <span class='ocrx_word' id='word_1_185' title='bbox 654 2508 801 2577; x_wconf 82' lang='lat' dir='ltr'>vinculis&#39;</span> <span class='ocrx_word' id='word_1_186' title='bbox 813 2507 991 2599; x_wconf 72' lang='lat' dir='ltr'>constrislm</span> <span class='ocrx_word' id='word_1_187' title='bbox 1004 2511 1059 2595; x_wconf 78' lang='lat' dir='ltr'>sul</span> <span class='ocrx_word' id='word_1_188' title='bbox 1076 2515 1214 2603; x_wconf 67' lang='lat' dir='ltr'>caligine,</span> <span class='ocrx_word' id='word_1_189' title='bbox 1315 2591 1319 2600; x_wconf 89' lang='lat'><em>.</em></span> 
     </span>
     <span class='ocr_line' id='line_1_24' title="bbox 139 2602 1212 2702; baseline 0.002 -21"><span class='ocrx_word' id='word_1_190' title='bbox 139 2609 329 2698; x_wconf 72' lang='lat' dir='ltr'>reservavit.</span> <span class='ocrx_word' id='word_1_191' title='bbox 357 2602 411 2677; x_wconf 86' lang='lat' dir='ltr'>Ex</span> <span class='ocrx_word' id='word_1_192' title='bbox 432 2604 559 2696; x_wconf 75' lang='lat' dir='ltr'>quibus</span> <span class='ocrx_word' id='word_1_193' title='bbox 577 2606 744 2679; x_wconf 87' lang='lat' dir='ltr'>omnibus</span> <span class='ocrx_word' id='word_1_194' title='bbox 763 2606 872 2701; x_wconf 84' lang='lat' dir='ltr'>magis</span> <span class='ocrx_word' id='word_1_195' title='bbox 890 2628 930 2693; x_wconf 83' lang='lat' dir='ltr'>ae</span> <span class='ocrx_word' id='word_1_196' title='bbox 946 2606 1054 2702; x_wconf 78' lang='lat' dir='ltr'>magis</span> <span class='ocrx_word' id='word_1_197' title='bbox 1071 2607 1212 2683; x_wconf 86' lang='lat' dir='ltr'>constat</span> 
     </span>
     <span class='ocr_line' id='line_1_25' title="bbox 140 2703 1212 2801; baseline -0.002 -19"><span class='ocrx_word' id='word_1_198' title='bbox 140 2711 186 2783; x_wconf 89' lang='lat' dir='ltr'>de</span> <span class='ocrx_word' id='word_1_199' title='bbox 195 2705 250 2796; x_wconf 66' lang='lat' dir='ltr'>{ea‘</span> <span class='ocrx_word' id='word_1_200' title='bbox 261 2710 339 2801; x_wconf 84' lang='lat' dir='ltr'>lege</span> <span class='ocrx_word' id='word_1_201' title='bbox 355 2706 430 2778; x_wconf 84' lang='lat' dir='ltr'>haec</span> <span class='ocrx_word' id='word_1_202' title='bbox 448 2703 664 2794; x_wconf 87' lang='lat' dir='ltr'>Apostolum</span> <span class='ocrx_word' id='word_1_203' title='bbox 679 2707 813 2797; x_wconf 81' lang='lat' dir='ltr'>dicere,</span> <span class='ocrx_word' id='word_1_204' title='bbox 833 2726 937 2795; x_wconf 89' lang='lat' dir='ltr'>quam</span> <span class='ocrx_word' id='word_1_205' title='bbox 952 2712 1212 2801; x_wconf 80' lang='lat' dir='ltr'>unusquisque,</span> 
     </span>
     <span class='ocr_line' id='line_1_26' title="bbox 139 2802 1214 2901; baseline 0.001 -21"><span class='ocrx_word' id='word_1_206' title='bbox 139 2810 215 2884; x_wconf 80' lang='lat' dir='ltr'>save</span> <span class='ocrx_word' id='word_1_207' title='bbox 236 2805 446 2893; x_wconf 85' lang='lat' dir='ltr'>hominum,</span> <span class='ocrx_word' id='word_1_208' title='bbox 472 2802 547 2880; x_wconf 78' lang='lat' dir='ltr'>siue</span> <span class='ocrx_word' id='word_1_209' title='bbox 574 2803 680 2877; x_wconf 87' lang='lat' dir='ltr'>etiam</span> <span class='ocrx_word' id='word_1_210' title='bbox 704 2803 950 2899; x_wconf 58' lang='lat' dir='ltr'>Angelorum:</span> <span class='ocrx_word' id='word_1_211' title='bbox 979 2807 1102 2880; x_wconf 85' lang='lat' dir='ltr'>divina</span> <span class='ocrx_word' id='word_1_212' title='bbox 1129 2828 1214 2901; x_wconf 87' lang='lat' dir='ltr'>qua·</span> 
     </span>
     <span class='ocr_line' id='line_1_27' title="bbox 141 2900 1214 3003; baseline 0.003 -24"><span class='ocrx_word' id='word_1_213' title='bbox 141 2907 220 2979; x_wconf 89' lang='lat' dir='ltr'>dam</span> <span class='ocrx_word' id='word_1_214' title='bbox 239 2900 499 2995; x_wconf 82' lang='lat' dir='ltr'>dispensatione</span> <span class='ocrx_word' id='word_1_215' title='bbox 515 2905 573 2976; x_wconf 86' lang='lat' dir='ltr'>vel</span> <span class='ocrx_word' id='word_1_216' title='bbox 588 2923 736 2977; x_wconf 87' lang='lat' dir='ltr'>munere</span> <span class='ocrx_word' id='word_1_217' title='bbox 760 2908 852 2976; x_wconf 88' lang='lat' dir='ltr'>intra</span> <span class='ocrx_word' id='word_1_218' title='bbox 870 2906 905 2978; x_wconf 89' lang='lat' dir='ltr'>se</span> <span class='ocrx_word' id='word_1_219' title='bbox 929 2908 1137 2994; x_wconf 81' lang='lat' dir='ltr'>naturaliter</span> <span class='ocrx_word' id='word_1_220' title='bbox 1155 2930 1214 3003; x_wconf 83' lang='lat' dir='ltr'>ge·</span> 
     </span>
     <span class='ocr_line' id='line_1_28' title="bbox 139 2999 1214 3100; baseline 0.002 -22"><span class='ocrx_word' id='word_1_221' title='bbox 139 3010 207 3078; x_wconf 84' lang='lat' dir='ltr'>rit:</span> <span class='ocrx_word' id='word_1_222' title='bbox 235 3000 334 3100; x_wconf 77' lang='lat' dir='ltr'>cujus</span> <span class='ocrx_word' id='word_1_223' title='bbox 352 3002 517 3084; x_wconf 58' lang='lat' dir='ltr'>tentaris</span> <span class='ocrx_word' id='word_1_224' title='bbox 537 2999 587 3074; x_wconf 93' lang='lat' dir='ltr'>est</span> <span class='ocrx_word' id='word_1_225' title='bbox 603 3004 635 3074; x_wconf 90' lang='lat'>&amp;</span> <span class='ocrx_word' id='word_1_226' title='bbox 653 3018 752 3080; x_wconf 85' lang='lat' dir='ltr'>tanta</span> <span class='ocrx_word' id='word_1_227' title='bbox 766 3007 947 3093; x_wconf 88' lang='lat' dir='ltr'>potentia,</span> <span class='ocrx_word' id='word_1_228' title='bbox 959 3022 1000 3077; x_wconf 91' lang='lat' dir='ltr'>ut</span> <span class='ocrx_word' id='word_1_229' title='bbox 1016 3006 1121 3079; x_wconf 86' lang='lat' dir='ltr'>etiam</span> <span class='ocrx_word' id='word_1_230' title='bbox 1140 3009 1214 3080; x_wconf 77' lang='lat' dir='ltr'>An·</span> 
     </span>
     <span class='ocr_line' id='line_1_29' title="bbox 138 3100 1214 3203; baseline 0.001 -27"><span class='ocrx_word' id='word_1_231' title='bbox 138 3108 243 3203; x_wconf 84' lang='lat' dir='ltr'>gelos</span> <span class='ocrx_word' id='word_1_232' title='bbox 262 3118 404 3198; x_wconf 82' lang='lat' dir='ltr'>arguat,</span> <span class='ocrx_word' id='word_1_233' title='bbox 432 3123 501 3175; x_wconf 91' lang='lat' dir='ltr'>nec</span> <span class='ocrx_word' id='word_1_234' title='bbox 521 3100 706 3194; x_wconf 90' lang='lat' dir='ltr'>personam</span> <span class='ocrx_word' id='word_1_235' title='bbox 725 3102 829 3175; x_wconf 88' lang='lat' dir='ltr'>ullius</span> <span class='ocrx_word' id='word_1_236' title='bbox 849 3104 1030 3199; x_wconf 77' lang='lat' dir='ltr'>dignitatis</span> <span class='ocrx_word' id='word_1_237' title='bbox 1044 3108 1214 3197; x_wconf 83' lang='lat' dir='ltr'>excipiat,</span> 
     </span>
     <span class='ocr_line' id='line_1_30' title="bbox 142 3179 1216 3298; baseline -0.002 -19"><span class='ocrx_word' id='word_1_238' title='bbox 142 3206 177 3279; x_wconf 69' lang='grc' dir='ltr'>ἃ</span> <span class='ocrx_word' id='word_1_239' title='bbox 196 3201 267 3295; x_wconf 90' lang='lat' dir='ltr'>ipsa</span> <span class='ocrx_word' id='word_1_240' title='bbox 286 3199 414 3275; x_wconf 89' lang='lat' dir='ltr'>fecerit</span> <span class='ocrx_word' id='word_1_241' title='bbox 427 3204 515 3294; x_wconf 89' lang='lat' dir='ltr'>hoc,</span> <span class='ocrx_word' id='word_1_242' title='bbox 530 3202 628 3293; x_wconf 88' lang='lat' dir='ltr'>quod</span> <span class='ocrx_word' id='word_1_243' title='bbox 644 3198 801 3292; x_wconf 81' lang='lat' dir='ltr'>superius</span> <span class='ocrx_word' id='word_1_244' title='bbox 815 3199 1017 3295; x_wconf 84' lang='lat' dir='ltr'>Apostolus</span> <span class='ocrx_word' id='word_1_245' title='bbox 1029 3179 1146 3298; x_wconf 59' lang='lat' dir='ltr'>“Judas</span> <span class='ocrx_word' id='word_1_246' title='bbox 1166 3205 1216 3277; x_wconf 92' lang='lat' dir='ltr'>di-</span> 
     </span>
     <span class='ocr_line' id='line_1_31' title="bbox 141 3297 1210 3394; baseline 0 -17"><span class='ocrx_word' id='word_1_247' title='bbox 141 3300 209 3393; x_wconf 88' lang='lat' dir='ltr'>cit,</span> <span class='ocrx_word' id='word_1_248' title='bbox 224 3318 265 3375; x_wconf 92' lang='lat' dir='ltr'>ut</span> <span class='ocrx_word' id='word_1_249' title='bbox 277 3300 485 3394; x_wconf 84' lang='lat' dir='ltr'>Angeli,qui</span> <span class='ocrx_word' id='word_1_250' title='bbox 503 3319 579 3374; x_wconf 91' lang='lat' dir='ltr'>non</span> <span class='ocrx_word' id='word_1_251' title='bbox 596 3297 832 3382; x_wconf 79' lang='lat' dir='ltr'>servaverunt</span> <span class='ocrx_word' id='word_1_252' title='bbox 846 3303 1084 3394; x_wconf 84' lang='lat' dir='ltr'>principatum</span> <span class='ocrx_word' id='word_1_253' title='bbox 1101 3299 1210 3392; x_wconf 78' lang='lat' dir='ltr'>lirum,</span> 
     </span>
     <span class='ocr_line' id='line_1_32' title="bbox 134 3395 1280 3497; baseline -0.001 -21"><span class='ocrx_word' id='word_1_254' title='bbox 134 3395 204 3476; x_wconf 76' lang='lat' dir='ltr'>sed</span> <span class='ocrx_word' id='word_1_255' title='bbox 222 3403 490 3490; x_wconf 84' lang='lat' dir='ltr'>dereliquerunt</span> <span class='ocrx_word' id='word_1_256' title='bbox 508 3397 726 3472; x_wconf 83' lang='lat' dir='ltr'>domicilium</span> <span class='ocrx_word' id='word_1_257' title='bbox 743 3399 861 3492; x_wconf 88' lang='lat' dir='ltr'>suum,</span> <span class='ocrx_word' id='word_1_258' title='bbox 877 3402 920 3472; x_wconf 86' lang='lat' dir='ltr'>ad</span> <span class='ocrx_word' id='word_1_259' title='bbox 935 3395 1105 3492; x_wconf 85' lang='lat' dir='ltr'>judicium</span> <span class='ocrx_word' id='word_1_260' title='bbox 1124 3426 1216 3497; x_wconf 85' lang='lat' dir='ltr'>mag·</span> <span class='ocrx_word' id='word_1_261' title='bbox 1276 3459 1280 3465; x_wconf 88' lang='lat'><em>.</em></span> 
     </span>
     <span class='ocr_line' id='line_1_33' title="bbox 144 3496 1216 3600; baseline 0.001 -25"><span class='ocrx_word' id='word_1_262' title='bbox 144 3507 183 3577; x_wconf 91' lang='lat' dir='ltr'>ni</span> <span class='ocrx_word' id='word_1_263' title='bbox 199 3500 269 3574; x_wconf 89' lang='lat' dir='ltr'>diei</span> <span class='ocrx_word' id='word_1_264' title='bbox 285 3497 427 3573; x_wconf 69' lang='lat' dir='ltr'>ae&#39;ternis</span> <span class='ocrx_word' id='word_1_265' title='bbox 446 3497 593 3571; x_wconf 75' lang='lat' dir='ltr'>adstriiii</span> <span class='ocrx_word' id='word_1_266' title='bbox 611 3497 1018 3600; x_wconf 66' lang='lat' dir='ltr'>vinculllservaren&#39;tur.</span> <span class='ocrx_word' id='word_1_267' title='bbox 1071 3496 1146 3593; x_wconf 92' lang='lat' dir='ltr'>lpsa</span> <span class='ocrx_word' id='word_1_268' title='bbox 1166 3500 1216 3576; x_wconf 85' lang='lat' dir='ltr'>est</span> 
     </span>
     <span class='ocr_line' id='line_1_34' title="bbox 146 3595 1218 3700; baseline 0 -24"><span class='ocrx_word' id='word_1_269' title='bbox 146 3606 226 3688; x_wconf 83' lang='lat' dir='ltr'>lex,</span> <span class='ocrx_word' id='word_1_270' title='bbox 254 3620 331 3691; x_wconf 84' lang='lat' dir='ltr'>quae</span> <span class='ocrx_word' id='word_1_271' title='bbox 355 3597 462 3673; x_wconf 89' lang='lat' dir='ltr'>etiam</span> <span class='ocrx_word' id='word_1_272' title='bbox 484 3597 679 3671; x_wconf 88' lang='lat' dir='ltr'>Diabolum</span> <span class='ocrx_word' id='word_1_273' title='bbox 706 3597 739 3670; x_wconf 71' lang='grc' dir='ltr'><strong>ἃ</strong></span> <span class='ocrx_word' id='word_1_274' title='bbox 762 3601 910 3694; x_wconf 81' lang='lat' dir='ltr'>angelos</span> <span class='ocrx_word' id='word_1_275' title='bbox 940 3595 1014 3691; x_wconf 88' lang='lat' dir='ltr'>ejus</span> <span class='ocrx_word' id='word_1_276' title='bbox 1039 3603 1074 3675; x_wconf 91' lang='lat' dir='ltr'>ln</span> <span class='ocrx_word' id='word_1_277' title='bbox 1100 3601 1218 3700; x_wconf 86' lang='lat' dir='ltr'>ignem</span> 
     </span>
     <span class='ocr_line' id='line_1_35' title="bbox 148 3696 1220 3790; baseline -0.001 -16"><span class='ocrx_word' id='word_1_278' title='bbox 148 3718 343 3789; x_wconf 80' lang='lat' dir='ltr'>aternum,</span> <span class='ocrx_word' id='word_1_279' title='bbox 371 3699 429 3790; x_wconf 90' lang='lat' dir='ltr'>qui</span> <span class='ocrx_word' id='word_1_280' title='bbox 448 3696 497 3770; x_wconf 74' lang='lat' dir='ltr'>eis</span> <span class='ocrx_word' id='word_1_281' title='bbox 515 3711 731 3790; x_wconf 78' lang='lat' dir='ltr'>preparatus</span> <span class='ocrx_word' id='word_1_282' title='bbox 749 3699 820 3790; x_wconf 84' lang='lat' dir='ltr'>est,</span> <span class='ocrx_word' id='word_1_283' title='bbox 846 3697 1032 3790; x_wconf 86' lang='lat' dir='ltr'>pertrahit.</span> <span class='ocrx_word' id='word_1_284' title='bbox 1061 3696 1108 3771; x_wconf 84' lang='lat' dir='ltr'>Et</span> <span class='ocrx_word' id='word_1_285' title='bbox 1130 3704 1220 3776; x_wconf 76' lang='lat' dir='ltr'>sicut</span> 
     </span>
    </p>
   </div>
   <div class='ocr_carea' id='block_1_3' title="bbox 146 3791 1260 4107">
    <p class='ocr_par' dir='ltr' id='par_1_3' title="bbox 146 3791 1260 4107">
     <span class='ocr_line' id='line_1_36' title="bbox 152 3791 1221 3896; baseline -0.001 -22"><span class='ocrx_word' id='word_1_286' title='bbox 152 3815 291 3874; x_wconf 86' lang='lat' dir='ltr'>certum</span> <span class='ocrx_word' id='word_1_287' title='bbox 319 3797 393 3889; x_wconf 89' lang='lat' dir='ltr'>est,</span> <span class='ocrx_word' id='word_1_288' title='bbox 414 3794 509 3896; x_wconf 83' lang='lat' dir='ltr'>¹quia</span> <span class='ocrx_word' id='word_1_289' title='bbox 536 3815 655 3888; x_wconf 86' lang='lat' dir='ltr'>neque</span> <span class='ocrx_word' id='word_1_290' title='bbox 681 3792 731 3870; x_wconf 90' lang='lat' dir='ltr'>illi</span> <span class='ocrx_word' id='word_1_291' title='bbox 759 3791 874 3893; x_wconf 83' lang='lat' dir='ltr'>angeli</span> <span class='ocrx_word' id='word_1_292' title='bbox 900 3801 1041 3872; x_wconf 85' lang='lat' dir='ltr'>aeternis</span> <span class='ocrx_word' id='word_1_293' title='bbox 1069 3798 1221 3873; x_wconf 76' lang='lat' dir='ltr'>adstrilii</span> 
     </span>
     <span class='ocr_line' id='line_1_37' title="bbox 146 3890 1223 3995; baseline -0.001 -19"><span class='ocrx_word' id='word_1_294' title='bbox 146 3899 307 3978; x_wconf 72' lang='lat' dir='ltr'>‚vinculis</span> <span class='ocrx_word' id='word_1_295' title='bbox 324 3899 366 3970; x_wconf 87' lang='lat' dir='ltr'>ad</span> <span class='ocrx_word' id='word_1_296' title='bbox 384 3893 554 3991; x_wconf 86' lang='lat' dir='ltr'>judicium</span> <span class='ocrx_word' id='word_1_297' title='bbox 571 3890 814 3993; x_wconf 83' lang='lat' dir='ltr'>servarentur,</span> <span class='ocrx_word' id='word_1_298' title='bbox 833 3918 951 3991; x_wconf 85' lang='lat' dir='ltr'>neque</span> <span class='ocrx_word' id='word_1_299' title='bbox 969 3897 1023 3972; x_wconf 88' lang='lat' dir='ltr'>isti</span> <span class='ocrx_word' id='word_1_300' title='bbox 1045 3893 1082 3971; x_wconf 86' lang='lat' dir='ltr'>in</span> <span class='ocrx_word' id='word_1_301' title='bbox 1103 3899 1223 3995; x_wconf 85' lang='lat' dir='ltr'>ignem</span> 
     </span>
     <span class='ocr_line' id='line_1_38' title="bbox 193 3991 1260 4107; baseline 0.001 -35"><span class='ocrx_word' id='word_1_302' title='bbox 193 4000 357 4107; x_wconf 67' lang='lat' dir='ltr'>¹,Opigrnir</span> <span class='ocrx_word' id='word_1_303' title='bbox 375 3997 465 4071; x_wconf 80' lang='lat' dir='ltr'>Tam.</span> <span class='ocrx_word' id='word_1_304' title='bbox 481 3993 567 4069; x_wconf 78' lang='lat' dir='ltr'>XV</span> <span class='ocrx_word' id='word_1_305' title='bbox 576 4025 580 4032; x_wconf 95' lang='lat'>·</span> <span class='ocrx_word' id='word_1_306' title='bbox 822 3991 850 4068; x_wconf 82' lang='lat' dir='ltr'>P</span> <span class='ocrx_word' id='word_1_307' title='bbox 889 3992 893 3999; x_wconf 81' lang='grc'><strong>’</strong></span> <span class='ocrx_word' id='word_1_308' title='bbox 1074 4014 1174 4073; x_wconf 68' lang='lat' dir='ltr'>etet·</span> <span class='ocrx_word' id='word_1_309' title='bbox 1252 4019 1260 4030; x_wconf 82' lang='grc'>’</span> 
     </span>
    </p>
   </div>
   <div class='ocr_carea' id='block_1_4' title="bbox 0 0 1420 4559">
    <p class='ocr_par' dir='ltr' id='par_1_4' title="bbox 0 0 1420 4559">
     <span class='ocr_line' id='line_1_39' title="bbox 0 0 1420 4559; baseline 0 0"><span class='ocrx_word' id='word_1_310' title='bbox 0 0 1420 4559; x_wconf 95' lang='lat' dir='ltr'> </span> 
     </span>
    </p>
   </div>
  </div>
 </body>
</html>
