2825 4559
187 299 259 392 .9⁶
336 279 635 406 onrornrs
675 265 1075 378 conunnrnn.
1194 281 1210 306 ²
1278 235 1282 241 ¹

129 469 132 474 ’
191 457 274 529 v'ult
292 456 458 552 intelligi,
486 455 583 549 quod
600 454 716 530 &uos
732 458 863 530 mortui
879 455 994 531 sumus
1010 451 1081 552 legi
1097 472 1161 549 per
1175 451 1258 527 cor·

133 609 139 614 -
192 567 259 654 pus
276 552 420 647 Christi,
445 553 483 628 in
501 575 573 647 quo
589 564 748 649 corpore
767 563 954 653 inequitaret
970 557 1086 654 odires
1104 558 1202 637 rute,
1220 554 1261 630 (5

192 671 316 755 peccata
331 658 435 753 nasim
446 660 611 753 portauitss
624 653 671 728 2&
688 658 722 729 in
739 676 812 747 quo
829 663 928 730 exuit
943 662 1141 753 principatus
1155 650 1193 731 U
1208 678 1263 749 po·

195 756 334 852 reflatu,
361 758 637 853 triumphantem
662 761 698 824 in
708 756 878 853 semetipso.
899 783 904 803 ¹
929 755 1181 831 Festinandum
1210 752 1264 826 est

115 919 120 928 .
175 858 282 950 ,ergo
309 857 352 930 ad
378 854 457 931 istae
481 853 650 930 secundae
677 859 841 949 nuptiae,
875 878 951 948 que
976 859 1157 931 beatiores
1183 852 1266 925 sunt

121 988 123 993 ·
168 963 172 977 '
196 953 335 1048 multo,
363 976 465 1046 quarn
481 957 627 1049 prime„
665 951 714 1028 Et
730 958 835 1049 vide,
863 956 999 1031 friorte
1011 957 1081 1049 jarn
1102 971 1189 1027 tunc
1205 956 1264 1026 lex

195 1056 269 1131 tale
286 1054 408 1128 nescio
426 1058 510 1146 quid
526 1056 757 1130 adumbrabat
771 1057 808 1129 in
824 1078 892 1148 eo,
919 1077 1000 1129 curn
1024 1054 1197 1153 phenet,
1223 1065 1280 1125 ut.
1313 1052 1319 1082 ·'

196 1156 346 1248 tnulier‚·
371 1169 518 1229 mortuo
539 1156 660 1249 priore
677 1157 781 1252 viro,
808 1155 853 1228 de
872 1178 945 1248 quo
964 1156 1083 1230 fernen
1107 1171 1183 1226 non
1199 1148 1265 1224 sus-

197 1270 365 1348 ceperat,
393 1254 494 1352 (taiis
513 1254 606 1328 eninr
623 1254 771 1346 fuerat,·
789 1256 849 1346 qui
871 1253 1023 1329 fructum
1048 1274 1124 1329 non
1150 1251 1268 1346 poffet

197 1351 351 1458 efferre)
362 1355 550 1447 juberetur
566 1352 666 1427 fratri
684 1356 760 1447 ejus
777 1359 925 1432 nubere.
960 1354 1091 1428 Frater
1102 1354 1197 1426 enim
1213 1353 1267 1422 vi·

197 1456 303 1530 detur
327 1456 415 1551 legis
441 1454 553 1536 literae
578 1452 769 1529 secundum
786 1453 944 1550 spiritunr
964 1458 1042 1543 lex,
1068 1469 1108 1528 ut
1127 1452 1171 1526 de
1187 1451 1267 1546 ipso

197 1555 309 1650 magia
324 1557 450 1627 nruiier
464 1549 590 1658 afferat
611 1554 773 1628 sinuum.
828 1555 897 1629 Sed
916 1557 992 1628 hec
1005 1556 1145 1649 plenius
1162 1553 1198 1625 in
1215 1553 1269 1624 lo·

145 1657 151 1664 ’
200 1652 253 1728 die
270 1653 335 1726 suis
354 1657 592 1746 requirentur.
619 1654 655 1728 N
661 1675 731 1728 une
747 1670 888 1748 autem,
915 1672 956 1726 ut
971 1654 1120 1730 diximus
1132 1706 1151 1744 2
1172 1655 1272 1744 priua

96 1779 101 1784 ·
200 1754 428 1831 moriendum
453 1752 505 1829 est
527 1756 597 1852 legi
620 1757 753 1843 literae,
780 1770 821 1827 ut
840 1755 890 1830 stc
918 1754 1089 1852 conjungi
1106 1752 1272 1847 poffinrur

131 1897 134 1902 ·
206 1852 431 1953 Christo2qui
451 1875 500 1936 ex
510 1856 662 1928 mortuis
677 1848 878 1929 resurrexit.
906 1853 1029 1927 Potest
1046 1868 1165 1927 autern
1180 1848 1276 1944 fieri,

203 1952 246 2026 ut
264 1954 336 2025 noc
354 1969 429 2027 non
443 1953 555 2026 seium
573 1954 618 2025 de
634 1956 713 2051 iege
727 1951 870 2047 Moysr,
898 1974 975 2046 quae
999 1952 1049 2027 est
1075 1951 1271 2025 secundum

203 2054 363 2134 literam,
389 2050 579 2145 sentiatur,
614 2051 671 2125 sed
699 2054 745 2125 de
772 2055 870 2128 omni
897 2054 1065 2127 homine:
1102 2053 1275 2144 quoniam

101 2161 104 2167 ⁴
205 2165 342 2226 certurn
360 2150 431 2246 est,
459 2151 580 2243 quud,
607 2155 890 2246 quibuscumque
914 2154 1104 2234 instituti&
1127 2151 1276 2244 quibua·

206 2271 360 2342 cumque
377 2254 535 2326 moribus
551 2268 693 2349 agatur,
723 2252 895 2345 quan-sub
911 2254 990 2349 lege
1007 2253 1097 2342 hae,
1119 2250 1193 2341 ¹nur
1209 2252 1277 2322 uti·

204 2344 285 2443 tur,
313 2355 439 2425 viuere
461 2353 659 2426 credendus
683 2352 751 2425 est:
779 2356 835 2425 eui
859 2353 984 2443 utique
1008 2354 1067 2425 vel
1091 2349 1163 2443 ipse
1183 2352 1278 2424 rnori

206 2445 339 2543 debet,
366 2454 426 2525 vel
446 2450 518 2549 ipsa
540 2453 625 2549 ilii„
639 2474 687 2527 ne
703 2456 801 2527 forte
819 2452 879 2527 sub
895 2451 965 2526 alio
982 2454 1063 2523 viro
1077 2450 1191 2544 posrta
1206 2451 1279 2522 ani·

204 2558 262 2629 rna
280 2553 322 2624 ad
341 2550 517 2627 Christum
535 2555 707 2644 veniens,
727 2574 802 2625 non
822 2556 892 2625 tarn
908 2556 1051 2643 nuptias
1071 2549 1146 2644 ejus
1163 2552 1276 2642 adire,

206 2672 311 2744 quam
329 2651 487 2726 adultera
502 2649 593 2726 effici
612 2653 800 2746 videatur,
828 2655 960 2746 quippe
975 2654 997 2726 sr
1015 2653 1144 2746 prioris
1161 2650 1278 2724 adhue

111 2757 119 2776 ’“
205 2754 276 2823 viri
294 2751 429 2847 iegibus
447 2754 552 2826 vivit.
607 2753 719 2851 Quod
745 2769 866 2848 tamen
888 2751 1088 2843 Apostolus
1113 2750 1180 2823 alia
1201 2770 1278 2822 rur·
1323 2825 1325 2830 s

205 2849 283 2925 sum
306 2847 417 2948 figura
441 2852 485 2923 ad
502 2850 665 2925 eumdem
682 2850 817 2925 senium
836 2853 1099 2947 explanationis
1119 2848 1276 2944 adducit.

146 3003 148 3008 ,
206 2948 394 3048 subjungit
411 2951 524 3025 enim:
555 2952 633 3019 Cum
651 2958 733 3021 enim
751 2950 872 3044 affimat
888 2956 924 3020 in
940 2977 1051 3034 carne,
1073 2956 1160 3021 virio
1173 2968 1279 3045 pecco·

208 3065 332 3136 torum,
361 3075 425 3145 qua
445 3073 500 3145 per
522 3049 613 3140 legem
633 3070 751 3138 araur,
776 3051 990 3147 operabantur
1009 3059 1046 3121 in
1062 3051 1280 3140 membris-rto·

203 3144 301 3251 ¹Jirr'r,
327 3153 366 3221 u't
377 3149 618 3243 frudiuicorent
636 3157 739 3222 marti.
793 3154 895 3225 Nunc
911 3168 1016 3223 autem
1026 3144 1280 3242 diuersumisir

104 3275 110 3282 ·
211 3252 273 3345 lega
295 3258 432 3334 mortui,
459 3258 496 3321 in
519 3277 583 3349 quo
601 3251 840 3339 detinebamur)
864 3256 912 3322 ita
928 3271 965 3322 ut
982 3258 1156 3338 serviamus
1172 3259 1209 3319 in
1225 3276 1282 3321 nu·

208 3359 316 3422 vitate
326 3352 480 3449 spiritus,
507 3354 544 3431 θ
561 3377 624 3424 non
647 3357 684 3423 r'n
699 3353 998 3451 uetuflareitrterae.
1051 3356 1215 3445 Apparet
1242 3352 1277 3424 dt

208 3452 248 3528 in
265 3451 342 3542 his,
370 3466 411 3523 ut
430 3454 466 3526 in
484 3451 725 3548 superioribus
744 3473 809 3546 per
824 3457 1026 3545 exemplum
1045 3452 1226 3544 oujuadarn
1242 3450 1282 3532 sr-

207 3551 417 3627 militudinia
435 3553 601 3644 diximus,
624 3551 770 3627 Paulum
788 3552 917 3626 analio
936 3554 971 3627 in
988 3554 1081 3625 aliud
1099 3552 1282 3623 conclave

208 3651 358 3726 incertis
374 3650 407 3723 dr
423 3653 577 3726 occultis
596 3652 763 3747 grefflbus
783 3653 928 3748 digredi.
956 3653 1160 3728 Curn'eninr
1178 3653 1212 3724 in
1230 3649 1284 3723 su-

211 3752 417 3846 perioribus
432 3752 477 3825 de
494 3754 573 3848 lege
589 3753 702 3823 litera
720 3748 942 3845 disputasset,
970 3752 1067 3845 quod
1092 3753 1217 3841 utique
1238 3749 1283 3823 ad

209 3868 275 3923 eos
299 3852 483 3924 videretur
508 3865 668 3940 tantum,
696 3855 755 3943 qui
774 3873 816 3924 ex
835 3852 1106 3941 circumcisrone
1123 3849 1285 3924 credide·

167 3963 171 3973 ·
212 3955 562 4049 rant,1pertinerep
590 3971 687 4028 nunc
714 3950 838 4027 latenti
867 3953 1015 4047 quadarn
1042 3950 1285 4028 conversione

1162 4071 1236 4125 cas·

1005 4157 1019 4218 ἰ
1051 4164 1082 4186 ,ι-
