2825 4559
238 325 310 395 ιη
398 305 682 390 onlonnrs
721 263 1121 410 communiam

235 490 309 565 pue
330 467 587 549 &inferiorem
612 477 660 549 ita
678 488 719 547 ut
731 479 801 567 jam
820 477 1091 568 appellationem
1110 478 1201 552 hanc
1214 500 1289 555 non

236 568 517 646 maledictionem
542 589 682 665 putent.
736 574 782 645 Et
800 575 884 647 ideo
902 575 1135 666 plenumess’e
1160 600 1203 650 os
1225 599 1289 651 ao-

233 689 336 759 tam,
364 669 397 741 dt
419 687 584 763 tanquam
607 675 658 760 de,
668 676 778 765 pleno
795 676 870 752 oria
886 673 1031 760 vasculo
1051 675 1290 751 indefinenter

234 772 366 846 dicitur
383 769 495 844 liuere
509 772 721 848 maledictio.
774 772 868 846 Huic
894 787 1010 846 tamen
1036 774 1290 850 &amaritudo

236 869 491 968 conjungitur,
517 874 599 961 quia
612 893 655 945 ex
669 872 857 945 iracundiae
875 870 959 945 felle
976 874 1206 964 depromitur.
1222 876 1290 946 Per

232 972 448 1063 iracundiam
465 971 558 1044 enim
579 992 619 1043 ac
633 970 789 1045 furorem
814 972 857 1043 ad
872 973 1151 1048 maledicendum
1170 976 1290 1068 lingua

233 1070 473 1165 compellitur.
525 1067 573 1142 Et
588 1071 671 1144 ideo
694 1071 780 1142 dicit
802 1071 894 1144 idem
911 1071 1128 1164 Apostolus:
1156 1076 1291 1145 Benedi-

231 1179 315 1252 cite,
340 1171 377 1248 (5
393 1173 493 1240 nolite
509 1171 707 1256 maledicete3
734 1169 767 1241 ἃ
784 1169 885 1242 alibi:
911 1175 967 1244 Ne
984 1197 1044 1267 qua
1061 1173 1155 1243 radix
1168 1178 1289 1244 amari·

233 1273 357 1346 tudinis
375 1267 499 1360 furlum
509 1275 693 1361 germinans
717 1270 872 1364 impediat.
924 1271 1077 1345 Additur
1103 1273 1138 1343 in
1163 1270 1289 1345 conse·

231 1373 444 1464 liuentibus:
481 1369 601 1440 Velitis
622 1372 707 1464 pedes
735 1393 839 1439 aarum
861 1370 902 1440 ad
922 1371 1141 1461 effundendum
1155 1374 1289 1464 sangari-

230 1495 311 1542 nem.
338 1467 451 1566 Quod
466 1482 584 1546 tamen
599 1470 731 1544 crimen
746 1487 820 1541 non
836 1469 985 1542 fortasis
1001 1471 1158 1559 pluribus
1174 1472 1288 1563 aptari

229 1569 331 1665 polle
347 1568 527 1641 videbitur
543 1587 690 1659 eorum,
715 1569 760 1640 de
775 1569 901 1660 quibua
917 1567 1027 1642 dixit:
1055 1571 1183 1657 causati
1198 1576 1286 1642 mita

224 1670 335 1760 sumus
355 1670 484 1766 Judaens
500 1666 539 1740 (l
558 1670 678 1740 Gratas
694 1691 795 1740 omaus
806 1664 858 1758 firi
872 1685 990 1760 peccato
1002 1664 1076 1757 effi:
1101 1668 1162 1742 nist
1187 1668 1286 1742 forte

228 1769 279 1842 ita
296 1768 634 1864 intelligamut,quia
649 1783 727 1840 non
746 1769 982 1860 corporaliter
1000 1781 1135 1842 tantum
1150 1766 1287 1863 sangnis

228 1865 423 1942 offunditur
440 1884 589 1957 eorum,
614 1886 765 1957 quorum
784 1885 941 1958 corpora
957 1868 1198 1957 trucidantur,
1226 1865 1285 1940 sed

229 1966 264 2040 dr
282 1968 340 2056 hi,
367 1967 425 2058 qni
444 1965 607 2056 quotibet
623 1963 787 2038 scandalo
802 1966 953 2056 ,animam
974 1966 1091 2038 alteo
1109 1964 1283 2059 separant,

226 2067 297 2161 viri
311 2065 513 2159 sanguinum
528 2065 767 2140 nominantur.
810 2065 909 2137 Sicut
929 2065 1020 2138 enim
1036 2066 1213 2140 homicida
1234 2064 1285 2137 di·

229 2167 324 2239 citur
342 2166 424 2257 ille,
451 2166 510 2256 qui
528 2182 660 2256 corpus
680 2165 724 2254 ab
739 2166 853 2237 anima
867 2162 1017 2257 separat,
1031 2183 1093 2256 per
1111 2184 1214 2254 quam
1231 2165 1286 2235 vi·

225 2261 413 2339 vilicatur:
439 2264 488 2337 ita
498 2262 613 2336 multo
634 2265 739 2335 etiam
752 2265 872 2336 verius
889 2265 949 2335 ille
968 2263 1145 2336 homicida
1165 2263 1284 2336 dicen.

225 2368 293 2438 dus
309 2363 373 2456 est,
388 2365 447 2454 qui
466 2364 615 2436 animam
632 2383 652 2434 a
667 2381 752 2434 vcra
771 2365 847 2434 vita
859 2359 1091 2456 separat,quae
1105 2361 1154 2434 est
1169 2363 1283 2436 Deua.

227 2462 342 2542 Pedes
360 2477 477 2536 autem
494 2461 568 2534 hoc
583 2460 619 2532 in
634 2463 721 2534 loco
736 2462 818 2535 illoa
832 2462 1008 2557 intellige,
1033 2461 1078 2533 de
1094 2463 1219 2551 quibua
1234 2462 1285 2532 di·

227 2565 278 2638 cit
294 2561 492 2654 Prophetas
518 2563 708 2650 Mirantem
724 2582 800 2656 pene
814 2567 889 2631 moti
900 2564 982 2651 sunt
996 2563 1103 2658 pedes:
1128 2561 1201 2636 hoc
1214 2559 1281 2653 est,

224 2662 432 2752 confilium,
460 2680 533 2751 qno
551 2662 683 2755 agimus
700 2663 767 2733 iter
785 2661 879 2733 vitae.

301 2782 335 2852 5.
364 2763 524 2834 Contritio
539 2760 578 2836 (5
591 2760 770 2850 infelicitas
788 2766 825 2830 t'n
838 2766 903 2832 viis
921 2784 1045 2831 aarum:
1072 2758 1111 2836 U
1127 2763 1214 2832 uiant
1226 2778 1283 2855 pa·

114 2907 134 2954 ,.
223 2864 268 2933 cis
280 2884 346 2930 nen
359 2877 579 2950 cognoverunt.
620 2857 888 2934 Contritionem
904 2860 962 2930 hic
979 2860 1066 2930 dicit
1079 2878 1155 2932 non
1170 2860 1280 2952 illam,

225 2979 295 3052 qua
321 2956 457 3050 spiritns
483 2963 638 3052 peccatis
672 2959 933 3033 contribulatur
957 2977 1025 3050 pro
1052 2959 1280 3050 poenitentia‚

223 3058 320 3132 unde
342 3057 470 3136 dicitur
489 3061 526 3134 in
543 3058 703 3134 Psalmis:
740 3063 800 3136 cn
820 3062 992 3129 contritum
1016 3056 1053 3132 dr
1077 3058 1283 3128 humiliamur

224 3162 316 3234 Deus
335 3182 399 3226 non
410 3159 556 3252 spernit:
589 3159 645 3234 sed
674 3161 766 3232 iliam
793 3155 879 3230 dicit
904 3157 1187 3247 contritionem,
1211 3175 1283 3247 qun

225 3265 438 3354 peccatores
455 3262 621 3334 dicuntur
637 3277 826 3334 conterere
840 3257 961 3352 iugum
980 3255 1182 3345 Domini&
1198 3275 1282 3349 pro·

217 3358 331 3451 jicere
350 3376 368 3426 a
387 3362 589 3438 cervicibus
608 3360 684 3436 suia.
735 3356 902 3429 Similiter
922 3354 955 3426 dt
977 3355 1169 3447 infelicitas,
1196 3357 1279 3446 vel,

117 3465 124 3486 ¹
220 3453 311 3529 ficut
327 3455 409 3530 alibi
423 3463 564 3559 legitur,
572 3465 696 3550 miseria
712 3453 918 3548 accipienda
935 3451 1002 3544 est,
1029 3463 1097 3544 qna
1111 3451 1214 3528 miser
1229 3452 1281 3526 ef·

222 3553 350 3636 ffeitua
366 3558 416 3631 est
432 3564 543 3636 homo
560 3560 594 3634 dt
610 3559 754 3646 infelix,
782 3556 841 3645 qui
858 3578 925 3623 cam
941 3559 978 3625 in
990 3557 1105 3624 donare
1118 3549 1198 3644 effer,
1212 3576 1280 3624 nin

224 3657 410 3745 intellexit,
436 3660 493 3734 sed
515 3676 710 3755 comparatas
734 3657 945 3753 adjumentis
969 3654 1210 3748 infipienttbur,
1237 3652 1277 3732 θ’

211 3756 328 3854 fimilt't
339 3757 450 3849 salitas
467 3759 507 3855 esi
521 3764 577 3832 cis.
607 3758 654 3831 Et
669 3763 757 3830 viam
772 3759 855 3850 pacis
870 3779 932 3826 nan
948 3767 1165 3845 cognoverunt.
1201 3749 1276 3826 Pax

219 3856 340 3934 nostra
357 3857 512 3934 Christus
530 3857 670 3936 clivia
687 3875 775 3952 ergo
791 3855 886 3947 pacia
904 3853 962 3925 via
978 3851 1103 3926 Christi
1118 3850 1179 3927 est.
1205 3849 1277 3926 Sed

222 3958 544 4055 &fiaccipiamun
563 3961 660 4060 quod
676 3954 998 4055 perennandum
1014 3950 1277 4128 vitiorumlssel·
