2825 4559
302 287 368 368 tn
391 283 565 364 errsr.
591 281 674 360 no
700 280 930 361 nomen,
957 199 1058 364 tin.
1083 287 1128 366 ιι
1179 305 1251 387 531

175 456 238 541 cii,
264 447 375 545 scire,
400 450 460 523 cul
479 449 598 522 verbo
616 448 726 520 cuive
745 447 847 540 operi
864 447 1108 526 obediendum
1124 451 1186 546 lit,
1213 453 1255 529 dt·

117 587 119 598 ·
172 557 232 628 eui
247 554 514 636 remittendum.
554 548 721 640 Denique
739 537 813 639 ipse
830 546 1009 622 Dominus
1027 555 1063 624 in
1082 550 1248 650 Evange·

117 653 120 698 ²
170 655 223 729 lio
240 655 349 727 dicit:
376 653 547 723 Attendite
569 649 658 719 vobis
683 649 724 718 ab
745 647 818 731 lmss
841 652 900 742 qui
914 655 1057 722 veniunt
1078 657 1247 725 adonin

117 751 121 798 ι
170 756 364 851 vessimentis
380 757 499 836 onium,
516 756 608 820 intus
623 760 730 819 artem
742 748 827 835 sunt
840 749 911 841 lupi
928 771 1065 844 reputer.
1093 750 1141 824 Et
1156 754 1244 828 ideo

168 855 321 950 vigilans
342 847 460 924 sensus
484 849 517 922 dr
537 853 678 923 intenta
698 867 799 920 mens
821 850 1036 940 requiritur,
1064 871 1141 940 quae
1158 874 1246 946 pro·

168 958 255 1029 bare
275 955 424 1025 noverit
442 951 502 1023 vel
520 951 603 1023 ovis
622 951 658 1020 in
676 947 873 1039 propatulo
892 946 1165 1043 simplicitatem,
1178 953 1242 1026 vel

165 1053 243 1146 lupi
260 1054 433 1124 latentem
450 1051 694 1142 rapacitatem.
743 1045 852 1118 Unde
869 1048 975 1141 vide,
1003 1069 1106 1142 quam
1123 1055 1244 1146 proxi·

164 1158 214 1226 mi
231 1151 394 1245 periculo
408 1145 497 1222 liant
514 1147 634 1239 hi‚qui
651 1149 815 1219 exerceri
829 1148 866 1221 in
883 1146 1013 1221 divinis
1030 1151 1142 1223 literis
1158 1169 1244 1248 neg·

164 1254 305 1349 figunt,
329 1267 375 1321 ex
394 1252 522 1338 quibus
543 1245 636 1320 solis·
652 1246 858 1337 huiusmodi
882 1250 1156 1323 examinationis
1183 1273 1243 1347 ag·
1284 1313 1287 1320 .

164 1351 347 1426 noscenda
366 1348 533 1421 discretio
550 1346 612 1421 est.
644 1344 857 1420 ·Continuo
876 1365 963 1442 ergo
982 1349 1018 1421 in
1039 1351 1145 1423 brevi
1165 1348 1242 1443 spe·

121 1449 124 1456 ’
165 1452 258 1524 ciern
274 1447 467 1545 proposito
484 1441 718 1520 distindlionis
736 1442 911 1527 ostendit,
939 1447 973 1519 dr
1000 1450 1109 1520 dicit:
1137 1451 1243 1546 Qun.

165 1554 262 1626 niam
288 1548 432 1640 quidem
459 1546 572 1619 facilis
595 1545 629 1617 dt
652 1543 842 1618 indiscreta
867 1543 919 1618 est
935 1548 1052 1621 vestra
1069 1550 1243 1625 obedien·

166 1651 237 1739 tia,
263 1648 437 1739 accipite,
465 1644 551 1739 quid
569 1645 732 1734 servare,
761 1645 844 1736 quid
863 1663 995 1720 cavere
1015 1648 1187 1721 debeatis.

181 1775 185 1786 ¹
242 1751 301 1844 36.
335 1748 431 1834 isole,
457 1746 595 1838 lnquit,
620 1769 678 1815 ves
692 1747 852 1839 [replentes
867 1741 923 1832 effe
938 1753 975 1817 in
992 1750 1090 1837 dono,
1118 1748 1155 1822 dt
1168 1748 1242 1841 lim·

161 1851 255 1946 plices
270 1855 309 1917 in
325 1846 417 1919 malo.
469 1844 591 1919 Simile
616 1845 666 1918 est
682 1845 756 1917 hoc
775 1846 826 1916 illi
844 1842 964 1934 dieto,
993 1849 1091 1939 quod
1109 1849 1151 1921 ad
1167 1847 1242 1922 Co·

163 1950 320 2022 rinthios
337 1934 459 2019 scribit
474 1944 616 2030 dicens:
652 1947 792 2016 Malitia
805 1949 942 2040 parvuli
958 1950 1066 2042 estote,
1092 1965 1129 2017 ur
1145 1949 1239 2045 [anfi.

165 2051 221 2120 irs
240 2046 388 2143 'perfetis‘
404 2047 486 2140 fitis.
547 2044 616 2119 Sed
640 2045 805 2139 utillud,
841 2046 938 2137 quod
965 2047 1144 2122 Dominus
1170 2053 1242 2124 ait:

164 2151 254 2241 Quin
266 2151 337 2239 filii
354 2147 456 2231 [aecrrli
471 2146 568 2241 hujus
587 2145 805 2242 prudentiores
815 2148 897 2232 sunt
914 2151 1089 2240 quemfilr't'
1104 2151 1184 2218 lucis
1200 2156 1240 2221 in

162 2253 363 2341 generarunt
377 2249 453 2333 sua,
479 2245 760 2319 huieoonvenit
782 2243 889 2319 ditio.
915 2245 995 2320 Filii
1012 2250 1106 2322 enim
1121 2247 1241 2323 seculi

164 2349 270 2435 huius
295 2346 549 2439 prudentiores
575 2343 655 2417 sunt
682 2346 719 2417 in
744 2344 903 2430 malitia,
939 2366 1008 2437 pro
1036 2369 1102 2433 eo,
1138 2348 1239 2440 quod
1293 2377 1296 2384 ·

165 2443 302 2535 semper
318 2443 448 2536 aliquid
466 2445 679 2534 profundius
696 2444 729 2516 u
746 2443 906 2518 subtilius
922 2444 1110 2521 inveniant
1127 2450 1162 2519 in
1178 2467 1238 2546 ea,

162 2546 260 2617 unde
276 2546 355 2636 plus
371 2556 543 2634 noceant,
560 2543 593 2613 dt
609 2543 861 2617 vehementius
881 2545 1021 2622 laedant.
1074 2545 1114 2619 ln
1131 2547 1238 2622 bono

159 2641 286 2718 ‘autem
311 2642 407 2716 stulti
430 2640 530 2714 sunt:
565 2642 628 2714 virt
653 2645 747 2715 enim
773 2645 969 2717 inveniunt
995 2646 1079 2737 quid
1104 2648 1242 2722 faciant

164 2747 266 2819 boni.
282 2740 514 2817 .Econtrario
532 2760 623 2815 vero
640 2739 770 2816 Paulus
787 2746 867 2816 vult
885 2761 954 2817 nos
974 2744 1241 2838 sapienteselle

166 2846 346 2929 inbono,
372 2843 446 2916 hoc
460 2839 533 2932 est,
561 2840 698 2933 semper
714 2843 846 2935 aliquid
862 2843 941 2938 plus
953 2845 1136 2937 invenire,
1155 2847 1241 2938 plus

168 2944 377 3033 exquirere,
406 2939 439 3014 dr
458 2941 672 3036 profundius
689 2940 865 3039 cogitare,
882 2943 967 3035 quid
984 2941 1154 3018 faciamus
1172 2948 1242 3025 boi

167 3043 225 3116 nit
251 3043 300 3115 ita
323 3057 364 3114 ut
387 3046 494 3116 etiam
516 3041 539 3114 st
563 3041 797 3134 impediamur
818 3055 882 3134 per
899 3041 1047 3136 alicujus
1066 3047 1240 3123 malitiam

169 3146 213 3214 ab
231 3163 345 3234 opere
359 3142 488 3232 bono,
520 3160 609 3232 nos,
637 3137 661 3212 ll
686 3140 861 3235 sapientes
887 3138 1026 3223 sumus,
1051 3148 1240 3241 excogite-

167 3262 267 3329 mus,
302 3237 491 3332 quomodo
513 3238 536 3313 ir
561 3259 653 3332 opus
678 3243 816 3316 bonum
842 3261 917 3316 non
940 3239 1155 3334 pellimus,-
1175 3245 1239 3318 vel

168 3340 369 3414 sermonem
382 3340 518 3412 bonum
536 3337 780 3430 proferamus:
808 3340 942 3432 quodsi
961 3361 1031 3416 nec
1047 3343 1120 3416 hoc
1137 3345 1239 3438 iicet,

167 3455 300 3513 votum
321 3436 441 3512 saltem
458 3441 593 3510 bonum
610 3439 815 3515 &animum
833 3440 1125 3516 demonstremus.
1177 3444 1245 3518 Sic'

169 3557 260 3638 ergo
277 3535 451 3631 sapientes
466 3535 537 3610 elie
555 3537 726 3612 debemus
742 3539 916 3632 inbono,
944 3542 1116 3635 simplices
1144 3563 1240 3617 vero

169 3641 207 3712 in
233 3641 354 3731 malo,
388 3652 429 3709 ut
453 3633 476 3709 lt
503 3633 680 3729 pulsamur
706 3639 861 3732 malitia,
889 3641 1064 3734 pulsamur
1089 3643 1238 3737 injuria,

171 3755 248 3813 non
265 3739 368 3814 simus
393 3735 510 3810 callidi
530 3734 562 3808 dr
582 3729 734 3824 versuti,
762 3756 855 3812 artes
874 3741 905 3811 dr
923 3758 1129 3837 argumenta
1146 3763 1242 3835 que·

173 3837 318 3931 rentes,
346 3836 474 3931 quibus
497 3836 648 3910 reddere
671 3840 802 3912 malum
828 3859 894 3929 pro
918 3843 1035 3923 malo,
1063 3842 1242 3934 &nequl-

175 3941 260 4014 tiam
276 3957 346 4036 pro
361 3937 521 4033 nequitis
535 3937 740 4116 debeamlt'r'sl.
793 3940 863 4015 Sed
883 3940 921 4015 in
939 3942 999 4015 teli
1013 3942 1102 4016 loco
1117 3941 1246 4115 mffmlu,

560 4101 563 4108 .
763 4059 786 4115 ι
1107 4060 1144 4117 ιιι
1173 4059 1197 4117 s
