2825 4559
250 335 311 411 m
336 334 504 412 nrrsr.
533 337 1097 420 recensuerunt.
1155 363 1224 437 ιη

166 500 245 586 ersus
266 497 379 571 osseos
393 500 442 570 die
463 481 610 568 Hebraei
632 524 669 569 ex
688 495 855 572 Heiraer's?
904 504 1105 602 Quomodo
1132 522 1221 601 ergo

164 619 295 672 verum
311 598 399 688 erit,
425 618 506 670 eum
523 599 713 690 aliquando
729 599 801 672 sme
817 602 896 694 segc
910 601 1044 687 vixisse,
1054 604 1112 694 qui
1128 603 1223 676 nese·

165 697 289 770 vndie
311 697 507 770 nativitatis
533 696 599 772 suae
622 699 753 793 signum
777 699 1051 775 circumcisionis
1074 703 1222 798 exlege

165 793 343 889 suscepit?
369 794 476 869 Unde
491 795 644 888 constet,
663 803 750 870 t'unc
766 796 841 870 sieri
856 799 1037 874 bominem
1053 798 1221 895 sublege,

165 897 313 985 quando
339 894 382 967 ed
401 895 437 966 id
458 897 571 968 etatis
594 899 758 986 venerit,
785 911 824 968 ut
841 899 973 993 eligere
988 899 1092 991 possit
1112 899 1223 974 &dis-

165 1013 337 1076 cernere,
363 992 445 1084 quid
468 994 509 1068 fit
533 997 608 1068 iet:
634 1015 703 1069 nec
722 999 817 1087 prius
838 999 925 1094 legis
942 999 1035 1070 illius
1053 998 1222 1071 extrinse-

164 1115 228 1165 cus
242 1095 364 1186 jugum
378 1092 570 1184 suscipere,
597 1114 702 1185 quarn
724 1095 925 1170 interne&
949 1099 1116 1171 naturalis
1132 1099 1221 1191 legis
1281 1143 1283 1148 ·

162 1194 297 1266 habere
311 1193 458 1286 incipiet
470 1189 684 1269 firmitatem.
730 1193 897 1285 Denique
913 1198 1009 1270 ineo
1027 1196 1133 1282 loco,
1159 1199 1222 1270 ubi

164 1292 274 1364 dixit:
295 1292 359 1383 Ego
371 1307 476 1362 susem
488 1293 636 1364 vivebam
641 1293 783 1388 ssmsege
798 1295 975 1390 aliquande,
984 1294 1133 1369 addidit:
1159 1297 1222 1365 Sed

163 1392 215 1464 resi
231 1396 324 1460 emir
339 1393 538 1472 mandarum,
561 1410 718 1486 peccatum
732 1389 864 1465 revrxis.
906 1393 950 1470 In
967 1414 1040 1486 quo
1056 1394 1127 1465 hoc
1147 1396 1222 1485 qui·

164 1491 245 1564 dem
263 1489 439 1584 ostendit,
464 1493 544 1587 quie
559 1494 595 1564 in
610 1491 763 1585 pueritie
777 1495 896 1585 prius,
921 1513 1024 1586 quem
1039 1491 1222 1566 discretio·

162 1610 245 1662 nem
264 1590 341 1680 quis
358 1590 488 1664 habent
504 1589 591 1664 boni
608 1592 643 1662 δι
657 1593 760 1685 meli,
785 1593 858 1664 sme
878 1594 958 1687 lege
979 1591 1049 1666 esse
1065 1593 1220 1680 dicitur;

163 1709 245 1762 curn
266 1688 370 1762 etiam
391 1688 580 1782 sipeccat,
605 1692 686 1783 quie
707 1693 764 1763 lex
784 1693 821 1762 in
839 1710 886 1763 eo
903 1691 1069 1778 nonest,
1096 1710 1222 1786 pecca·

162 1802 240 1860 tum
257 1791 291 1859 ei
309 1807 385 1862 non
403 1790 609 1880 imputetur.
649 1785 741 1864 Cum
760 1809 851 1861 vero
867 1786 1115 1864 discretionem
1132 1789 1222 1862 boni

162 1886 319 1975 marique
337 1891 539 1980 acceperit,
565 1884 699 1962 venisse
722 1890 755 1962 ei
777 1888 906 1961 dicitur
923 1891 1005 1973 lex,
1031 1889 1063 1962 st
1090 1887 1222 1964 dedisse

161 1984 340 2061 mandate.
364 1985 438 2060 Ubi
455 2002 571 2062 eutem
586 1985 676 2060 inest
691 1990 747 2060 vis
763 1989 941 2078 mandeti,
966 1989 1040 2062 hoc
1056 1987 1119 2077 est,
1133 2009 1221 2060 con·

161 2082 311 2159 scientia
322 2086 559 2180 redarguens,
576 2088 886 2180 peccatum,qu0d
903 2088 999 2181 prius
1013 2088 1048 2160 in
1067 2107 1113 2157 eo
1127 2106 1222 2158 mor·

163 2197 267 2258 tuum
285 2199 381 2275 erat,
408 2185 536 2258 dicitur
552 2183 730 2261 revixisse.
781 2184 838 2257 Ex
856 2187 928 2260 boc
942 2205 1028 2282 ergo
1045 2186 1114 2275 jam
1133 2200 1222 2258 tern-

163 2302 256 2377 pore
282 2281 306 2355 sr
327 2284 404 2373 quis
429 2279 553 2357 subdet
574 2281 607 2357 se
627 2285 694 2378 legi
715 2282 856 2376 Moysi,
882 2300 923 2358 ut
939 2307 1016 2358 eam
1032 2282 1222 2358 secundum

162 2383 303 2456 literam
325 2380 513 2474 observet,
540 2381 690 2458 efficitur
713 2384 751 2455 in
774 2382 959 2458 manifesto
982 2384 1135 2474 Judaeus.
1185 2381 1224 2455 Si

163 2500 260 2554 vero
275 2477 467 2556 secundum
482 2481 638 2574 spiritum
653 2503 731 2556 eant
746 2481 925 2573 sequatur,
940 2480 1090 2555 efficitur
1106 2484 1144 2555 in
1161 2500 1225 2554 oc·

164 2581 270 2653 culto
287 2580 438 2673 Judaeus.
465 2582 552 2654 Haec
565 2600 634 2672 pro
648 2600 713 2663 eo,
733 2582 831 2670 quod
848 2580 975 2654 dietum
994 2580 1062 2652 est:
1092 2579 1223 2668 canore·

161 2685 248 2751 enim
262 2679 366 2764 sumus
385 2681 512 2776 Judaeos
530 2681 569 2756 (Ἰ
585 2683 705 2758 Grates
716 2703 820 2750 omnes
827 2679 887 2768 sub
898 2693 1017 2776 peccare
1034 2676 1099 2772 effe
1125 2677 1224 2751 Scili-

164 2792 226 2852 cet
244 2782 358 2849 omnes
373 2780 590 2874 intelligatur
608 2778 653 2852 de
671 2778 739 2851 iliis
757 2775 909 2862 diuum,
934 2798 1027 2872 quos
1045 2778 1105 2851 vel
1122 2789 1224 2850 natu·

162 2879 229 2949 reli
245 2880 307 2949 vel
324 2876 451 2970 scripte
467 2880 546 2974 lege
560 2898 607 2951 ne
621 2893 776 2971 peccent
788 2876 929 2951 constat
944 2878 1102 2952 edoceri.
1127 2875 1224 2955 Nam
1309 2899 1311 2904 ·

163 2976 197 3048 u
215 2976 260 3048 de
276 2975 454 3052 Gentibus
471 2976 532 3050 sub
549 2990 702 3071 peccato
720 2975 818 3066 sadis
838 2978 967 3052 eodem
987 2975 1100 3052 modo
1119 2975 1224 3048 intei-

153 3076 325 3168 sigimus,
352 3096 425 3167 quo
443 3073 545 3170 supra
564 3076 736 3150 diximus:
763 3098 843 3149 cum
862 3076 1036 3171 coeperint
1056 3074 1223 3148 naturali·

165 3188 219 3247 ter
236 3193 314 3263 quae
324 3177 411 3271 legis
426 3173 506 3248 sunt
524 3175 702 3268 secere&
718 3175 780 3269 ipsi
796 3176 856 3250 srbi
872 3174 941 3249 esse
958 3176 1038 3266 lex,
1055 3188 1130 3246 tum
1145 3173 1222 3243 red·

167 3288 361 3367 arguuntur
382 3275 633 3348 econscientie
647 3275 684 3346 in
703 3275 777 3355 bis,
804 3295 881 3364 que
897 3286 1026 3347 eontra
1042 3274 1155 3366 segem
1174 3268 1223 3344 sa·

165 3393 250 3445 cere
265 3374 444 3446 videntur.
469 3373 621 3465 Propter
634 3372 732 3463 quod
748 3373 781 3446 δι
797 3371 1056 3462 consequenter
1070 3370 1153 3442 mihi
1170 3368 1223 3438 vi·

166 3471 296 3553 deutur
319 3491 408 3562 vere
428 3467 561 3546 sensisse
582 3471 637 3558 hi,
664 3472 855 3567 quilegem
870 3485 1005 3544 naturae
1022 3473 1136 3563 segem
1153 3466 1224 3538 Dei

166 3571 308 3664 dicunt,
319 3573 434 3665 legem
452 3584 570 3658 autem
585 3569 706 3660 Moysi
722 3573 836 3666 segem
852 3567 1014 3662 scriptam
1032 3567 1224 3660 appeliant.

166 3669 200 3742 Si
217 3689 305 3766 ergo
319 3670 448 3748 Paulus
463 3670 507 3744 de
521 3672 600 3763 lege
614 3667 761 3763 scripte,
786 3671 859 3741 hoc
876 3668 940 3761 est,
949 3668 994 3742 de
1009 3668 1086 3761 lege
1103 3662 1225 3755 Moysi
1320 3759 1324 3770 .

168 3771 328 3844 diceret:
356 3771 516 3841 Peccatum
528 3786 632 3840 aurem
648 3792 714 3840 orn
727 3774 926 3865 imputatur,
948 3792 1014 3838 cum
1028 3768 1078 3837 sex
1091 3788 1157 3834 non
1172 3762 1224 3857 efl,

166 3869 350 3941 videbitur
370 3887 439 3940 nee
455 3869 542 3942 Cain
559 3880 763 3960 reputatum
780 3866 850 3941 esse
865 3879 1074 3960 peccatum,
1100 3882 1168 3936 nec
1184 3863 1224 3937 il·

167 3967 234 4062 lis,
260 3969 321 4063 qui
338 3967 476 4044 diluvio
494 3971 703 4143 perierunh,
728 3987 799 4042 nec
813 3969 896 4065 illis,
908 3986 999 4062 quos
1012 3966 1048 4039 in
1059 3959 1226 4078 Sodomis

721 4089 743 4170 3
1092 4081 1192 4170 term
1264 4133 1270 4151 ,
