2825 4559
312 269 376 353 rlr
399 249 574 352 srrsm
599 267 679 344 au
704 267 936 356 sorsum
962 267 1064 351 urs.
1088 267 1119 347 l.
1206 290 1285 368 ,9ι

184 435 481 516 θὶιίωωῇηάἑάὲε
501 434 571 502 illo
586 435 676 506 Deus
691 437 728 502 in
745 434 905 529 reprobum
920 433 1054 520 (cufim,
1071 421 1251 524 intlaesam

183 559 238 637 aq,
262 557 336 630 que
355 558 420 604 non
443 539 664 610 conveniunt,
691 536 820 629 repletos
840 543 923 602 omni
941 539 1132 629 iniquitate,
1158 534 1251 603 muli·

182 638 253 719 ria,
268 635 478 725 ceterisque
493 630 702 724 sceleribus,
730 653 807 724 qua
823 632 1085 722 consequenter
1102 651 1248 712 enumc-¹

148 727 151 732 ’
179 748 248 807 rat.
304 733 442 816 Verum
460 713 703 806 listinittones
720 729 791 806 iste
806 732 986 806 causarum
1001 753 1076 822 non
1094 730 1178 804 milri
1194 733 1248 806 vi·

178 832 314 930 dentur
329 830 408 904 satis
423 852 625 927 congruere
641 835 691 905 ad·
704 855 764 922 ea,
793 853 869 923 quae
888 833 1027 924 singulis
1044 833 1246 924 quibusque

178 930 335 1024 subjesia
355 929 453 1023 sunt,
481 935 637 1006 crimina.
691 932 893 1028 Quomodo
910 937 1003 1004 enim
1023 932 1245 1022 turpioribus

178 1031 322 1125 flagitiis
342 1031 492 1103 traditur
510 1035 560 1120 is,
588 1032 646 1123 qui
663 1046 834 1106 creatura
853 1029 984 1118 seruit,
1011 1033 1119 1124 magis
1139 1051 1249 1120 quam
1311 1029 1314 1036 ’

177 1131 241 1204 ille
267 1130 497 1226 quigloriam
520 1132 804 1222 incorruptibilis
830 1131 896 1203 Dei
923 1128 1244 1208 imsimilitudinem

178 1231 343 1324 imaginis
370 1232 613 1322 corruptibilis
640 1231 796 1312 bominis
825 1229 857 1302 δι
882 1232 1073 1304 volucrum
1105 1229 1242 1318 &qua-

179 1329 380 1422 drupedum
407 1329 441 1402 dc
464 1330 680 1423 serpentium
707 1328 896 1404 mutavit?
948 1327 1026 1403 Aut
1054 1330 1242 1420 quomodo

178 1430 282 1520 supra
297 1446 490 1519 utrumque
505 1431 634 1504 horum
651 1432 756 1503 velut
770 1430 921 1501 examini
941 1429 1079 1502 cuidam
1097 1426 1241 1504 tradun·
1293 1429 1296 1434 '

158 1541 239 1600 ·tur
254 1532 430 1601 malorum
447 1529 505 1615 hi,
530 1534 589 1620 qui
608 1550 683 1603 non
702 1532 953 1621 probaverunt
973 1527 1088 1601 Deum
1108 1528 1243 1600 habere

177 1628 217 1704 in
235 1625 436 1701 notitiam?
487 1626 597 1703 Unde
620 1631 729 1724 magis
747 1629 831 1703 mihi
854 1630 1023 1704 videntur
1042 1647 1173 1712 omnes,
1187 1627 1243 1700 hro
1289 1715 1291 1724 Ι

180 1722 317 1819 causae,
351 1749 428 1817 quae
458 1727 709 1804 traditionibus
739 1727 881 1823 srngulis
907 1725 1172 1820 praeferuntur,
1203 1727 1241 1800 in

178 1845 291 1899 unum
309 1829 590 1920 coacervandae,
618 1826 786 1903 &rursus
804 1826 1036 1899 traditionum
1054 1825 1187 1919 species
1205 1825 1242 1898 in

177 1945 314 2016 unum,
334 1940 393 2014 ut,
412 1929 513 1999 verbi
534 1925 656 2016 causa,
683 1931 733 1999 ita
755 1927 933 1998 dicamus:
961 1929 1143 2023 Quoniam
1166 1926 1240 2014 qui·
1270 1965 1272 1970 ·

178 2025 263 2098 dem
283 2025 448 2108 homines
467 2040 698 2102 mutaverunt
711 2027 858 2118 gloriam
874 2025 1157 2116 incorruptibilis
1170 2023 1242 2102 oet

176 2125 216 2197 in
236 2123 497 2198 similitudinem
517 2127 677 2220 imaginis
694 2125 940 2219 corruptibilis
956 2125 1111 2200 hominis
1128 2125 1242 2196 ovo·
1303 2124 1306 2138 '

176 2224 317 2296 lucrum
335 2224 368 2295 or
387 2226 654 2317 quadrupedum
672 2224 706 2296 dr
723 2220 960 2316 serpentium
989 2226 1022 2298 dt
1043 2225 1124 2314 quia
1142 2241 1241 2300 corn·

177 2338 411 2398 mutaverunt
432 2325 623 2397 veritatem
641 2325 711 2398 Dei
732 2327 768 2399 in
788 2324 1009 2399 mendacium
1022 2365 1039 2411 ,·
1062 2323 1095 2396 u
1118 2323 1242 2400 colue-

177 2437 285 2513 runt,
313 2421 346 2494 dr
370 2420 571 2496 servierunt
592 2438 764 2494 creaturae
784 2426 906 2517 potius
929 2444 1033 2513 quam
1059 2421 1240 2512 Creatori,

177 2541 250 2596 nec
272 2524 524 2614 probaverunt
538 2525 657 2596 Deum
673 2524 805 2596 habere
820 2527 857 2600 in
875 2523 1061 2599 notitiam:
1089 2536 1242 2616 propter

178 2621 257 2694 haec
272 2623 393 2694 omnia
411 2621 556 2695 tradidit
571 2642 637 2692 eos
657 2623 756 2694 Deus
781 2625 819 2695 in
839 2622 1015 2696 desideriis
1038 2622 1157 2699 cordis
1179 2640 1242 2692 eo·

178 2740 257 2793 rum
272 2723 305 2794 in
321 2722 601 2814 immunditiam,
615 2736 655 2792 ut
671 2722 900 2794 contumeliis
916 2716 1068 2798 efficiant
1084 2739 1242 2813 corpora
1280 2795 1282 2800 ,

179 2818 261 2913 sua3
289 2820 481 2893 &tradidit
497 2841 563 2893 cos
578 2823 614 2893 in
633 2819 805 2913 paliioncs
822 2823 1048 2916 ignominie,
1075 2834 1116 2896 ut
1129 2819 1240 2894 soemi·

177 2940 234 2994 nae
253 2940 380 2992 eorum
401 2920 632 2994 immutarent
646 2922 843 2993 naturalem
858 2917 978 3008 usum,
1004 2923 1039 2993 in
1058 2941 1160 3010 eum,
1182 2919 1242 3010 qui

179 3036 283 3090 extra
303 3033 465 3092 naturam
484 3018 545 3093 est.
597 3017 765 3092 Similiter
785 3041 932 3114 quoque
948 3020 981 3092 dr
998 3019 1162 3113 masculi,
1187 3040 1243 3090 re·

179 3115 266 3189 lisso
283 3120 434 3192 naturali
453 3119 514 3191 usu
529 3118 700 3207 foeminae,
718 3124 959 3193 accendentur
976 3120 1012 3193 in
1033 3120 1241 3194 desiderium

181 3215 231 3290 sui
248 3220 430 3307 invicem,
457 3215 599 3292 masculi
625 3223 659 3290 in
681 3219 856 3292 masculos
877 3222 1134 3310 turpitudinem
1156 3240 1243 3308 ope·

178 3332 313 3390 rantes.
364 3315 434 3410 sed
458 3317 490 3390 &
519 3320 663 3391 tradidit
682 3339 747 3391 eos
769 3321 870 3416 Deus
893 3321 930 3391 in
949 3322 1142 3411 reprobum
1169 3318 1244 3398 sene

176 3415 279 3508 sum,
306 3430 347 3489 ut
360 3415 493 3489 faciant
510 3439 573 3509 ea,
594 3439 670 3508 quae
687 3439 762 3490 non
776 3420 1028 3506 conveniunt,
1045 3421 1125 3508 quia
1142 3432 1245 3494 erant

177 3517 310 3609 repleti
330 3518 427 3588 omni
444 3518 652 3609 iniquitate,
677 3519 830 3609 malitia,
858 3517 1087 3609 nequitiaque
1109 3519 1141 3590 lt
1161 3542 1248 3596 ava·-

181 3615 289 3705 ritia,
305 3617 483 3708 plenique
511 3630 613 3689 erant
636 3616 796 3707 invidia,
828 3618 1058 3710 homicidiis,
1092 3637 1245 3696 conten·

159 3711 310 3804 «tione,
337 3716 426 3789 dolo
447 3715 655 3804 ducereris,
672 3737 749 3804 quae
766 3714 893 3811 scripta
909 3717 1007 3801 sunt,
1025 3720 1143 3793 malis:
1171 3723 1246 3812 qui·

153 3889 156 3894 .
184 3832 256 3904 quc
274 3833 354 3886 cum
378 3815 632 3911 cognovissent
651 3814 820 3908 justitiam
846 3815 935 3907 ilci,
962 3839 1038 3890 non
1059 3817 1246 3896 intellexc·

181 3926 271 4010 runt
292 3915 384 3990 hanc
409 3915 501 4013 else,
528 3931 568 3991 ut
591 3917 651 4012 qui
669 3916 753 3988 talia
772 3929 882 4015 agunt
904 3919 1001 4015 digni
1020 3918 1088 3997 ssot
1111 3936 1245 4014 morte,
1258 3913 1276 4064 1’

683 4012 720 4095 C
747 4038 773 4110 4
1120 4040 1207 4097 uon
