2825 4559
130 303 143 328 '
232 349 319 432 25o'
396 336 685 436 oleron-nus
728 307 1137 441 conuenere.

137 596 140 600 ι
174 553 180 582 ,,
231 502 327 581 seriis
346 506 427 599 ejus.
480 502 522 576 In
542 525 616 597 quo
632 504 822 601 ostendit„
840 508 941 599 quod
956 503 1105 582 obedire
1120 508 1300 585 defideriis

150 623 158 634 ¹
231 604 373 712 peccati
391 602 550 696 bucolt,
577 607 705 680 vivere
721 621 886 702 peccato.
914 609 1026 707 Quod
1041 608 1066 681 sr
1080 607 1200 682 iacere
1216 609 1302 682 deli·

232 702 329 796 deria
352 705 494 797 peccati
516 720 670 797 peccato
695 711 826 781 vivere
844 706 914 792 est,
938 729 1015 782 non
1033 708 1154 782 sacere
1169 707 1302 781 deside·

139 857 142 861 .
229 798 282 871 ria
300 808 456 895 peccati,
477 824 545 876 nec
565 805 914 881 obedire'voluntati
929 810 1027 898 ejnr,
1053 809 1126 880 hoc
1141 806 1192 882 est
1205 808 1300 883 mori

146 906 151 921 ·
229 911 416 992 peccator·
439 904 536 994 quod
561 911 680 981 tamen
705 922 893 999 peccatum
913 908 1017 980 velut
1036 906 1153 981 sedern
1176 927 1299 1001 quarn-

230 1000 310 1073 dam
331 1001 364 1074 δι
381 1000 507 1086 solium
523 1006 624 1099 regni
639 1003 689 1077 sui
705 1008 742 1078 in
758 1005 883 1080 nostro
903 1027 1061 1098 corpore
1076 1009 1298 1082 collocatum

100 1163 106 1180 ,
228 1099 363 1176 habere
380 1101 467 1178 dicit
486 1102 696 1197 Apostolus.
724 1104 786 1179 Est
801 1107 895 1179 enim
911 1104 1068 1180 familior
1085 1109 1118 1180 ei
1136 1127 1216 1199 pars
1233 1104 1297 1180 ista

228 1196 428 1274 substantia
450 1203 483 1274 dr
505 1187 617 1278 amica
639 1206 797 1295 quadam
812 1226 894 1279 curn
911 1208 1028 1279 carnis
1043 1207 1296 1298 voluptatibus

228 1295 404 1394 societas,
432 1323 476 1374 ex
499 1323 567 1393 qua
589 1306 800 1379 occasiones
820 1304 1042 1380 incitamenti
1059 1307 1229 1379 naturalis
1251 1304 1299 1377 as·

228 1393 391 1508 sumens,
418 1423 534 1494 parvo
551 1402 770 1478 diverticulo
789 1406 827 1480 in
842 1403 1078 1498 precipitium
1092 1407 1220 1477 mortis
1237 1424 1298 1477 na-

227 1512 318 1597 turae
344 1501 507 1577 ordinem
534 1506 666 1600 vergit.
718 1502 788 1579 Sed
812 1517 854 1576 ut
879 1507 978 1596 quod
1002 1504 1153 1578 dicimus
1179 1505 1298 1577 adhuc

213 1600 387 1693 ¹apertius
403 1609 635 1699 explanetur,
662 1604 816 1697 exempli
831 1600 970 1678 causam
982 1623 1173 1699 ponamus.
1218 1602 1296 1675 Na·

226 1701 362 1774 rurales
381 1704 605 1797 appetentias
622 1704 731 1778 habet
745 1724 832 1777 caro
849 1703 919 1776 cibi
935 1701 969 1776 ἃ
985 1717 1117 1796 potus,
1145 1722 1223 1795 quae
1244 1703 1297 1775 in·

227 1809 284 1869 tra
306 1817 423 1876 certas
446 1802 624 1878 mensuras
647 1801 863 1878 sufficientiae
881 1804 1136 1876 continentur:
1161 1822 1249 1894 quas
1272 1801 1299 1877 fi

203 1901 305 1990 ,quis
331 1901 485 2000 excedat
505 1901 730 1996 persuasione
751 1901 914 1997 peccati,
936 1902 1009 1991 J’arn
1026 1922 1103 1975 non
1122 1903 1242 1992 cibum
1262 1902 1298 1975 dr

225 2013 375 2095 potum·
393 2005 451 2094 qui
466 2017 601 2075 naturae
617 1999 756 2092 sufficit,
777 2021 886 2094 caro,
912 1999 971 2074 sed
991 2001 1165 2075 luxuriam
1182 2015 1296 2074 temu·
1333 2049 1337 2064 ι

224 2103 446 2196 lentiamque
472 2097 646 2195 deposcit.
695 2101 808 2174 Simili
826 2100 931 2174 etiam
951 2101 1063 2174 modo
1082 2102 1172 2174 inest
1196 2100 1295 2176 carni

224 2202 499 2278 incitamentum
514 2202 692 2289 naturale,
713 2222 786 2293 quo
802 2200 938 2273 misceri
955 2199 1106 2274 foeminar
1124 2199 1225 2274 causa
1238 2220 1294 2273 re·

121 2383 124 2390 ⁴
224 2305 390 2396 paranda
409 2301 633 2391 succesionis
650 2299 841 2394 exposcat:
867 2298 926 2372 sed
945 2298 970 2373 st
988 2321 1033 2372 err
1049 2299 1117 2372 hae
1135 2299 1295 2396 occasio·

224 2422 272 2476 ne
289 2400 524 2499 persuadente
539 2415 695 2497 peccato
716 2401 915 2474 declinetur
930 2421 949 2471 a
965 2400 1058 2495 lege,
1072 2399 1105 2472 dt
1120 2402 1293 2473 naturalis

142 2554 145 2559 ·
223 2503 380 2576 libidinis
401 2517 521 2576 motus
541 2503 583 2575 ad
597 2502 723 2576 illicite
740 2500 991 2586 concitentur,
1017 2514 1170 2591 peccato
1182 2500 1292 2593 vivit,

224 2605 287 2694 qui
305 2607 342 2676 in
356 2605 410 2676 bis
427 2602 567 2701 singulis
585 2622 661 2676 non
681 2601 752 2674 Dei
771 2595 928 2693 legi‚,sed
943 2600 1083 2691 peccati
1101 2597 1295 2691 persuaso·

92 2703 96 2720 '
158 2705 173 2734 ‘
223 2704 462 2796 nibusparet.
503 2703 539 2775 Si
556 2723 643 2797 ergo
660 2698 903 2773 commonitus
919 2700 996 2790 quis
1013 2714 1133 2772 morte
1150 2696 1294 2789 Christi,

224 2804 285 2893 qui
300 2824 357 2899 pro
370 2806 475 2894 impiis
491 2819 632 2876 mortuus
650 2802 706 2896 efl,
733 2799 908 2890 poeniteat
920 2799 956 2871 in
975 2799 1030 2871 his
1049 2801 1237 2888 omnibus,
1256 2798 1291 2868 dt

223 2902 329 2974 velut
347 2899 525 2993 pessimum
542 2921 661 2997 regem
686 2913 894 2994 regnantem
917 2900 953 2971 in
972 2897 1029 2970 sua
1049 2918 1155 2972 carne
1169 2898 1292 2991 depel-

99 3060 105 3069 .
222 2999 287 3088 iat,
297 3003 523 3092 alienumque
541 2999 576 3073 se
594 3002 637 3071 ab
657 2996 735 3094 ejus
755 2996 933 3071 defideriis
952 2998 1059 3070 saciat
1074 3019 1116 3071 ac
1134 3017 1292 3092 praecep-

222 3101 294 3189 tis,
321 3100 385 3174 iste
408 3120 498 3175 vere
519 3119 584 3193 per
611 3114 766 3174 mortem
793 3095 921 3169 Christi
946 3112 1101 3187 peccato
1124 3112 1291 3171 mortuus

159 3219 161 3226 ·
219 3199 294 3280 ,eise
311 3202 453 3278 dicitur.
503 3199 576 3276 Hic
595 3214 714 3272 autem
733 3211 921 3290 peccatum
942 3195 1052 3289 ipsum
1073 3199 1213 3291 peccati
1233 3216 1293 3267 au·

223 3299 361 3379 &orem
379 3302 535 3378 arbitror
551 3298 744 3376 nominari.
777 3295 814 3369 Si
832 3317 920 3393 ergo
938 3299 1092 3386 moritur
1110 3300 1187 3390 quis
1206 3316 1292 3388 pec-

223 3416 331 3493 eato,
367 3416 506 3476 certum
532 3396 605 3491 est,
642 3399 723 3491 quia
751 3414 816 3489 pet
845 3397 1092 3491 poenitentiam
1122 3398 1289 3471 moritur.

221 3502 427 3598 Quomodo
442 3521 529 3594 ergo
546 3500 624 3592 quis
640 3496 863 3591 permanebit
878 3497 913 3567 in
932 3509 1099 3588 peccato,
1119 3510 1160 3570 ut
1177 3496 1290 3592 gratia

223 3603 404 3691 abundet,
430 3621 512 3673 curn
537 3599 647 3691 gratia
668 3618 712 3669 ex
732 3618 779 3669 eo
799 3595 979 3678 abundet,
1007 3595 1106 3687 quod
1132 3608 1288 3691 peccato

222 3706 301 3794 quia
312 3698 491 3777 morituri
517 3695 552 3770 Si
571 3698 663 3772 enim
681 3717 949 3789 permaneamus
969 3694 1031 3789 (ut
1046 3693 1288 3789 proponitur)

220 3804 458 3896 inpetrato,
485 3813 624 3872 certum
650 3797 721 3883 est,
749 3797 921 3888 quianon
938 3797 1132 3886 morimur,
1158 3793 1215 3867 sed
1236 3798 1292 3866 vi·

221 3902 524 3995 vimuspeccsto:
550 3897 762 3971 viventibus
781 3909 897 3968 autem
914 3909 1068 3988 peccato
1085 3895 1196 3990 gratia
1210 3914 1288 3971 non

140 4015 144 4034 '
208 4000 342 4104 peresi
355 4001 550 4080 abundare.
591 3996 799 4092 Requiritur
815 3993 918 4090 sane,
943 3992 1020 4069 liin
1036 3990 1119 4070 solis
1134 3995 1289 4167 hegmini·

142 4103 168 4153 Ι
236 4115 239 4122 ⁴
938 4106 943 4115 “
1197 4115 1238 4171 us
