2825 4559
240 182 336 337 ¹nu
360 251 687 356 unierunas
705 183 894 328 nunni
919 252 1108 334 inuri.
1162 278 1234 354 555

162 422 399 512 numerian,
428 421 471 491 aa
492 417 641 515 grimm
665 386 809 490 atterius
835 369 985 514 rn'gsnro
1006 418 1039 491 u
1058 365 1146 492 s'snr
1163 417 1235 494 ner
1288 391 1290 395 ’

163 547 245 616 euin
266 516 498 595 construxisse
514 515 752 608 pronunciat:
780 515 877 590 illurn
896 535 1016 594 autem
1033 521 1234 611 ingenitum

161 623 282 699 Deum
294 624 329 696 in
346 617 653 710 consummatione
665 613 779 688 saeculi
796 617 918 690 misisse
929 617 1044 712 Jesom
1056 619 1235 694 Christum

163 726 207 796 ad
228 721 516 795 emendationem
535 716 678 805 mundi,
701 732 869 810 rogatum
897 726 941 790 ab
966 739 1012 790 eo
1037 718 1144 809 Deo,
1172 719 1234 808 qui
1288 773 1296 802 ,.

163 844 246 895 eum
269 819 428 908 fecerat,
454 832 495 889 nt
518 818 679 888 mitteret
701 814 830 888 Filium
858 814 956 890 suurn
981 818 1023 890 ad
1042 818 1163 891 mundi
1181 817 1234 890 sui

165 918 442 994 comestionem.
490 915 538 986 Et
558 915 580 987 si
597 913 737 1005 quidem
757 917 816 988 hic
835 914 1085 1009 solummodo,
1113 916 1233 1009 quide

162 1021 248 1095 Deo
266 1018 369 1090 Patre
388 1019 491 1089 aliter
506 1014 633 1104 sentit,
660 1035 764 1107 quarn
787 1018 910 1110 regula
937 1017 1080 1108 pietatis
1108 1013 1235 1109 expos·

164 1129 238 1197 cit,
265 1120 451 1190 haereticus
467 1113 652 1190 habendus
668 1111 774 1201 esset,
801 1113 978 1190 sufficeret
994 1120 1118 1220 utique
1133 1115 1233 1208 quod

163 1219 322 1310 superius
340 1215 469 1290 dierum
489 1211 549 1288 est.
586 1212 656 1288 Sed
676 1233 773 1292 nunc
790 1235 899 1288 unum
919 1234 1027 1307 atque
1044 1217 1138 1290 idem
1157 1239 1234 1288 cre·

162 1318 318 1391 dendum
340 1315 391 1388 est
408 1318 523 1388 etiam·
533 1314 577 1385 de
593 1333 661 1405 eo,
690 1314 811 1404 quide
830 1314 993 1388 Domino
1012 1314 1137 1388 nostro
1154 1316 1234 1404 Jesu

165 1416 308 1491 Cliristo
325 1415 396 1489 salsi
417 1414 548 1505 aliquid
568 1411 736 1504 senserit,
763 1411 837 1488 five
852 1413 1044 1490 secundum
1062 1438 1147 1506 eos,
1174 1417 1235 1504 qui
1290 1503 1292 1508 ¹

164 1520 290 1589 dicunt
320 1535 401 1588 euni
424 1535 468 1586 ex
493 1510 626 1607 Joseph
654 1512 827 1586 &Maria
854 1527 1003 1600 natum,
1038 1513 1127 1587 sicut
1153 1514 1234 1590 sunt

163 1616 347 1690 Ebionitae
365 1613 674 1701 &Valentiniani3
702 1611 776 1685 sive
793 1612 986 1687 secundum
1006 1636 1084 1705 eos,
1097 1616 1155 1704 qui
1168 1619 1236 1706 pri·

164 1716 388 1811 mogenitum
413 1734 494 1786 eum
521 1728 678 1806 negant,
705 1713 876 1785 &totius
905 1729 1077 1788 creature
1101 1715 1235 1806 Deum,

153 1822 199 1890 ,di
223 1816 410 1902 Verbum,
437 1812 729 1903 desipientiam,
757 1832 834 1903 quae
860 1811 910 1884 est
931 1814 1070 1887 initium
1096 1817 1237 1892 viarum

164 1907 259 2007 Dei,
286 1929 475 2002 antequam
493 1909 625 2000 aliquid
641 1907 767 1998 fieret,
792 1928 875 1984 ante
894 1907 1018 1985 saecula
1035 1911 1234 2006 fundatam,

166 2032 274 2105 atque
289 2013 371 2086 arit'e
389 2033 513 2085 omnes
529 2012 646 2100 ,colles
662 2027 889 2106 generatam
905 2009 965 2085 sed
980 2014 1163 2106 hominem
1181 2010 1236 2102 soff

163 2116 237 2188 lum
254 2134 334 2187 eum
352 2114 532 2185 dicentes:
559 2111 621 2184 vel
639 2107 833 2186 secundum
847 2132 935 2202 eos,
949 2115 1009 2203 qui
1026 2109 1143 2186 Deum
1160 2115 1237 2205 qui·

166 2216 248 2286 dem
277 2227 358 2286 euni
380 2211 566 2301 fatentur,
600 2225 823 2283 nontamen
850 2207 1057 2303 assumpsisse
1083 2216 1237 2286 animam

166 2333 372 2401 corpusque
390 2324 595 2382 terrenum:
623 2309 682 2398 qui
711 2305 772 2380 sub
795 2308 911 2401 specie
934 2308 1028 2402 quasi
1052 2313 1235 2404 amplioris

165 2412 289 2503 glorie
316 2410 479 2481 Domino
503 2406 583 2498 jesu
603 2405 830 2500 deferenda,
859 2413 1006 2504 omnia,
1033 2432 1109 2500 quae
1128 2414 1171 2484 ab
1190 2433 1237 2483 eo

167 2507 262 2602 gella
280 2506 378 2593 sunt,
406 2505 477 2576 visa
500 2509 575 2600 geri
593 2509 726 2600 magis,
754 2529 857 2597 quani
874 2531 963 2583 vere
983 2509 1078 2607 gesta
1097 2510 1166 2584 osse
1187 2527 1240 2583 te·

166 2608 324 2681 llantur:
351 2607 482 2697 quique
502 2626 570 2678 nec
590 2605 635 2676 de
651 2607 804 2701 Virgine
828 2621 949 2682 natum
970 2610 1149 2700 fatentur,
1178 2607 1238 2682 sed

165 2708 312 2802 triginta
331 2725 507 2778 annorum
521 2707 638 2778 virum
656 2725 738 2778 eum
757 2706 951 2800 apparuisse
966 2709 1148 2882 inandaea.
1159 2706 1235 2784 Alii

165 2827 259 2878 vero
278 2828 323 2879 ex
341 2807 491 2899 Virgine
515 2805 657 2893 quidem
684 2828 766 2878 euni
792 2809 945 2881 credunt
975 2832 995 2882 e
1025 2834 1053 2888 e,
1070 2811 1236 2905 progeni-

163 2919 263 2993 tum3
290 2905 349 2978 sed
365 2901 501 2997 putasse
515 2901 549 2976 se
566 2906 674 2999 magia
692 2905 877 3000 Virginem
896 2907 1081 3001 peperisse,
1091 2931 1168 2983 non
1184 2924 1237 2981 ta·

164 3028 248 3080 men
267 3025 355 3079 vere
375 3000 550 3096 peperisse
569 2999 794 3078 confirmant.
806 3004 961 3078 Latuisse
979 3011 1110 3101 quippe
1127 3010 1236 3083 etiam

165 3101 355 3199 Virginem
383 3104 554 3195 putativae
578 3106 823 3198 generationis
856 3101 1011 3182 asserunt
1041 3107 1236 3184 sacramen·

165 3214 258 3280 tum.
312 3204 383 3300 Qui
403 3203 590 3292 quomodo
608 3222 685 3275 non
703 3205 746 3276 ab
764 3199 921 3279 Ecclesia
942 3207 1053 3302 longe.
1073 3210 1235 3302 ponendi

162 3301 264 3392 sunt,
293 3324 373 3375 cum
391 3304 593 3394 pliilarchiae
611 3306 743 3378 morbo
761 3303 970 3399 languentes
989 3308 1156 3401 dogmata
1170 3308 1254 3382 sta·-

165 3403 322 3491 tuerint,
358 3406 484 3491 quibus
512 3403 553 3475 ad
578 3401 676 3476 suum
702 3420 837 3476 nomen
863 3405 1055 3497 discipulos
1079 3407 1234 3483 declina·

161 3500 271 3574 rent?
298 3500 366 3572 Sed
381 3501 519 3592 &1e08,
549 3502 608 3589 qui
627 3503 808 3576 hominem
827 3503 953 3578 dicunt
966 3507 1165 3580 Dominum
1175 3509 1236 3602 Je-

161 3599 237 3674 siim
256 3601 515 3695 praecognitum
534 3599 567 3670 δι
584 3600 892 3692 praedestinatum,
921 3607 1080 3695 quiante
1100 3606 1235 3680 adven-

164 3712 241 3775 tum
268 3703 443 3772 carnalem
471 3697 743 3772 substantialiter
769 3701 974 3794 &proprie
999 3705 1234 3780 nonexstite-

162 3797 235 3891 rit,
262 3800 320 3873 sed
338 3800 436 3891 quod
452 3801 565 3872 homo
582 3816 686 3872 natos
704 3799 817 3873 Patris
835 3799 945 3876 solam
963 3804 1001 3878 in
1016 3802 1051 3877 se
1067 3806 1234 3880 habuerit

163 3899 357 3994 deitatem,
384 3921 430 3976 ne
446 3901 528 3972 illos
548 3901 690 3994 quidem
710 3899 783 3974 line
801 3904 964 3995 periculo
982 3903 1050 3978 esst
1068 3901 1235 3980 Ecclesiae

1121 4025 1184 4077 nn·
