2825 4559
220 337 295 408 244
380 301 674 385 omouurs
711 257 1140 406 conflnrnrnnj
1191 309 1194 318 ’
1270 298 1272 303 ·

225 489 287 552 aut
306 471 436 551 ieviter
458 483 575 564 ruptae
591 469 718 563 capitio
736 470 809 543 cuti
828 468 892 544 scit
907 473 1098 569 imponere
1117 494 1298 558 araneam,

225 590 288 652 rut
307 574 564 664 qui'tumotem
580 569 740 643 vulneris
758 590 849 661 aqua
865 569 977 646 c'alida
995 574 1157 665 foverit,
1178 596 1300 664 quam·

226 679 284 751 vis
299 676 405 746 etiarn
420 673 493 745 hoe
508 668 693 744 medicine
710 665 981 745 effetvideatur:
1006 673 1065 745 sed
1085 676 1146 746 iile
1167 677 1297 747 dicitur

226 775 407 862 medicus,
435 770 492 861 qui
507 769 625 855 usum,
652 789 694 841 ac
710 767 881 858 studium,
901 773 933 841 dr
951 770 1169 865 disciplinam
1188 778 1298 847 habet

230 872 408 951 medendi.
433 869 490 944 Ex
507 869 637 960 quibua
654 871 822 956 omnibus
841 883 933 961 puto
950 870 1163 945 sufficienter
1181 872 1298 946 osten·

231 973 288 1064 di,
322 968 421 1062 quod
447 969 540 1041 aliud
566 968 607 1041 srt
632 987 804 1059 peccare,
838 970 930 1042 aliud
958 987 1187 1063 peccatorem
1214 971 1296 1049 eise.

232 1074 370 1149 Omnes
389 1071 483 1142 enim
499 1063 620 1162 potest
632 1062 711 1140 fieri
729 1082 770 1139 ut
784 1074 1041 1162 peccaverint,
1057 1073 1163 1146 etiarn
1181 1072 1205 1145 sr
1223 1073 1298 1145 sarr·

232 1173 277 1247 dii
303 1171 457 1261 fuerint,
483 1169 565 1260 quia
586 1170 824 1238 ncmomrrndur
839 1196 859 1237 u
871 1168 979 1258 sorde,
1006 1195 1061 1241 nec
1069 1171 1099 1265 fi
1117 1181 1217 1245 unius
1235 1177 1297 1256 dier'

225 1274 337 1367 fuerit
356 1276 430 1340 vira
445 1271 523 1363 ejus.
549 1268 661 1361 Quis
678 1268 774 1341 enim
790 1266 860 1360 est,
888 1270 947 1360 qui
965 1289 1040 1343 non
1057 1274 1169 1343 autin
1187 1269 1297 1360 fano,

232 1386 296 1446 aut
312 1373 349 1442 in
370 1371 509 1454 verbo,
538 1380 599 1438 aut
612 1366 672 1456 qui
688 1365 898 1441 cautiilimus
915 1382 1016 1442 certe
1031 1368 1096 1462 est,
1107 1375 1166 1442 vel
1184 1373 1219 1443 in
1236 1391 1298 1444 co·

107 1497 110 1505 ·
232 1474 410 1569 gitatione
428 1464 662 1563 peccaverit?
691 1463 739 1538 Et
752 1466 915 1558 ideo,-ut
931 1468 1024 1560 dixi,
1043 1468 1203 1562 peccasse
1221 1474 1299 1564 qui·

233 1573 317 1645 dem
333 1587 459 1642 omnea
478 1568 610 1640 merito
627 1566 812 1657 dicentur,
838 1582 1048 1658 peccatores
1071 1583 1191 1642 autem
1215 1570 1299 1644 farti

214 1679 475 1751 nonomen,
499 1664 557 1737 sed
573 1665 688 1764 multi.
743 1664 850 1737 Simili
864 1686 1011 1757 quoque
1031 1669 1147 1742 sonna
1165 1670 1198 1740 dr
1214 1670 1300 1761 J‘usti

233 1769 336 1846 utuiti
360 1767 607 1854 habebuntur,
633 1769 710 1836 rion
726 1786 873 1849 omnes,
900 1767 1007 1840 etiam
1027 1766 1050 1840 sr
1070 1787 1196 1841 omnes
1215 1769 1301 1861 justi

235 1865 369 1957 aliquid
386 1865 505 1958 operis
521 1877 636 1957 agant.
683 1862 780 1937 Bene
796 1881 913 1939 autern
933 1868 976 1938 ab
992 1864 1300 1957 Apostolo-etianr
1321 1938 1324 1943 .

234 1969 441 2054 temporum
458 1966 552 2037 ratio
569 1961 780 2037 custoditur.
814 1964 908 2037 Nam
923 1985 1003 2040 curn
1021 1969 1154 2040 multos
1170 1967 1302 2040 consti·

235 2081 337 2142 tutor
358 2061 428 2136 elie
445 2076 658 2155 peccatores
677 2062 720 2134 ad
739 2067 954 2156 preteritum
974 2067 1160 2157 retulerit,
1184 2067 1300 2159 Justoa

237 2164 510 2239 constituendos
529 2159 584 2234 eil
599 2163 746 2246 ¹¹multos
772 2163 815 2235 ad
831 2162 990 2237 futurum
1012 2167 1195 2238 transtulit
1213 2183 1302 2239 tem·

157 2346 161 2356 ‚
236 2286 326 2361 pus,
349 2262 461 2336 sciens
479 2182 699 2346 stnerfubim
727 2262 824 2352 quod
850 2260 1015 2356 processu
1038 2247 1301 2359 predicationis

237 2363 468 2458 Evangelicoe
495 2358 670 2454 justorum
702 2362 897 2436 multitudo
929 2364 1042 2454 major
1068 2367 1299 2441 accresceret.

104 2535 109 2546 ,
239 2465 352 2560 Quod
375 2479 493 2534 autem
507 2457 708 2552 justi-multi
725 2461 860 2535 fuerint
877 2462 983 2536 etiam
1003 2478 1086 2536 ante
1102 2463 1303 2539 Salvatoris

238 2564 450 2651 adventurn,
465 2560 559 2634 idem
573 2560 754 2635 Dominus
771 2560 919 2636 testatur
934 2566 970 2637 in
985 2559 1207 2658 Evangelio,
1218 2583 1301 2639 cunr

99 2747 103 2760 Ι
238 2664 348 2737 dicitr
375 2664 485 2732 Musti
506 2661 662 2754 Propheta
680 2658 719 2735 d·
730 2661 810 2758 juflr'
824 2669 989 2758 cupierunt
1007 2666 1114 2733 videre
1130 2688 1197 2759 qus
1212 2666 1303 2736 vidr-

238 2769 296 2837 ris.
321 2761 389 2832 Sed
408 2761 509 2831 aliter
525 2759 585 2832 hic
600 2759 736 2832 multos
755 2760 842 2833 dicit
857 2761 1024 2836 Salvator
1037 2761 1172 2856 justos,
1191 2763 1224 2835 dr
1243 2765 1304 2836 ali·

229 2855 521 2954 ,te'rApostoiur
542 2855 672 2949 posuit.
724 2857 819 2933 Nam
844 2859 1013 2934 Salvator
1039 2859 1302 2953 Apostolorum

238 2978 426 3034 numerum
446 2955 703 3047 respicienr‚ad
719 2957 875 3051 ipsorum
890 2963 1197 3054 comparationem
1212 2956 1305 3035 niul·

239 3073 300 3133 tor
320 3057 410 3129 dixit
425 3053 538 3145 justos
556 3056 590 3127 dt
609 3053 828 3151 Prophetas:
855 3059 892 3131 in
913 3059 1075 3152 praesenti
1097 3082 1188 3133 vero
1213 3062 1303 3134 loco

238 3155 438 3251 Apostolus
457 3157 591 3227 multos
612 3156 656 3228 ad
674 3158 850 3250 omniurn,
866 3162 924 3248 qui
939 3160 975 3232 in
990 3155 1213 3234 boemundo
1228 3161 1306 3235 nati

238 3256 367 3333 sunt&
384 3252 903 3349 nascentur,comparationem
916 3259 1168 3355 intelligendus
1185 3259 1236 3333 est
1251 3283 1303 3334 re·

238 3355 396 3434 vocasse.
446 3355 558 3448 igitur
567 3375 627 3452 prr
640 3362 734 3426 urrisu
750 3359 991 3429 inobedientiam
1006 3376 1177 3453 peccatores
1193 3362 1305 3456 confli-

239 3466 309 3529 ειη·
324 3458 405 3544 sunt
427 3453 542 3539 musti,
582 3453 772 3529 secundum
801 3478 877 3530 earn
907 3456 1170 3533 observantiam
1200 3461 1305 3562 multi

237 3569 453 3651 peccatores
473 3553 715 3648 intelligendi,
740 3551 843 3646 quam
869 3555 970 3650 supra
993 3559 1038 3629 de
1065 3561 1303 3649 peccante&

236 3669 433 3749 peccatore
452 3653 677 3744 protulimus.
723 3656 841 3753 ‚Quod
860 3656 891 3736 ¹sr
916 3661 994 3748 quir
1018 3659 1124 3731 nobit
1151 3660 1303 3750 objiciat

233 3757 344 3846 iliud,
370 3752 469 3845 quod
487 3751 532 3825 de
548 3749 583 3825 se
601 3749 678 3844 ipso
696 3752 783 3826 dicit
798 3753 1018 3849 Apostolusr
1045 3762 1136 3852 Quia
1155 3761 1303 3855 Christus

80 3869 93 3915 t
238 3858 334 3952 Jesur
353 3858 498 3925 venitin
513 3852 603 3922 hunc
617 3858 769 3923 mundum
782 3861 951 3947 peccatores
959 3858 1070 3944 salvos
1078 3858 1198 3949 facere,
1223 3884 1300 3956 quo·

120 3981 136 4016 ·.
178 3953 181 3958 ’
232 3973 302 4029 rum
314 3952 599 4053 primnrrgosrmr
621 3953 716 4048 quan
740 3953 848 4030 etiam
871 3954 907 4032 se
922 3947 1159 4051 peccatorem
1173 3959 1301 4034 dicere

771 4211 782 4252 ⁸
855 4181 867 4200 f
