2825 4559
85 395 104 435 s*
151 351 153 360 ‚
195 273 292 396 ni
350 293 666 388 ¹orttourxrs
705 256 1124 398 eouuuuxnn..
1251 359 1253 366 -

217 463 384 541 sermone
402 487 465 556 ea,
495 470 573 556 quae
594 465 693 540 sensu
717 469 749 539 dr
770 469 1025 564 consequentia
1047 469 1218 541 videntur
1238 466 1292 540 in·

220 568 345 660 telligi.
383 567 486 640 Alius
506 566 652 640 fortasse
669 567 779 658 dicit,
807 569 1000 660 quiahoc,
1027 568 1290 658 quodvidetur

219 664 336 740 deesse
350 666 386 738 in
405 666 459 740 bis
477 686 553 755 quae
568 667 671 761 supra
688 669 841 740 diximus
863 667 1053 741 secundum
1072 669 1293 740 elocutionis

116 842 119 848 ,
220 765 404 853 ordinem,
432 768 533 840 tarde
546 768 704 860 quidem,
716 765 774 844 sed
790 770 827 840 in
843 767 1102 857 posterioribus
1120 765 1294 855 redditur,

113 897 117 901 ·
220 866 448 942 ubidicitur:
474 867 536 938 Sed
557 892 622 937 nors
643 868 723 960 ficut
747 866 914 953 desirium,
941 874 990 938 ira
1006 870 1044 943 (5
1061 871 1199 940 donatio.
1253 871 1294 936 Si

223 970 309 1036 enim
333 976 429 1033 unius
449 964 558 1038 detine
578 974 696 1038 mortui
718 969 933 1054 sensualis,
961 970 1060 1038 musto
1076 973 1172 1059 magis
1182 972 1294 1060 gratia

104 1159 106 1164 ,
221 1069 290 1136 Dei
306 1061 344 1142 (Ἰ
359 1068 475 1134 donum
492 1071 647 1160 ingratia
659 1074 757 1137 unius
773 1069 912 1138 bominis
932 1069 1012 1162 Jesu
1029 1068 1150 1163 Chrilsi
1168 1074 1206 1136 in
1223 1068 1295 1161 psu-

222 1188 274 1237 res
222 1165 484 1235 redundavit:
511 1166 543 1237 dr
561 1165 678 1240 asserit
692 1189 737 1239 ex
753 1169 806 1240 his
824 1171 1007 1260 completa
1024 1166 1114 1247 esse,
1142 1187 1220 1255 quae
1235 1167 1295 1239 de·

223 1263 360 1338 fuisse
351 1286 388 1338 rn
391 1262 653 1380 superioribus
674 1269 907 1340 videbantur:
934 1288 1003 1339 nee
1020 1269 1195 1340 multum
1186 1280 1298 1339 ruter-

224 1361 317 1456 esse,
346 1347 444 1455 quod
467 1366 545 1435 lbi
536 1386 573 1436 m
598 1387 726 1441 omnes
745 1368 910 1442 homines
926 1368 1056 1439 dixerit
1077 1363 1297 1480 pertransisse

223 1476 433 1557 peccatum,
460 1466 518 1537 hie
535 1483 628 1538 vero
644 1466 780 1541 donum
798 1467 991 1562 &gratiam
1009 1464 1089 1558 Jesu
1107 1464 1268 1538 Christi
1259 1486 1296 1535 1n

224 1565 345 1655 piures
365 1562 574 1657 abundasse,
602 1586 682 1639 cum
701 1567 734 1639 dr
754 1585 879 1640 omnes
896 1568 1060 1639 homines
1085 1568 1205 1657 plures
1229 1564 1299 1638 elle

225 1663 492 1758 intelligantur,
520 1664 553 1735 n
577 1667 697 1757 plures
720 1686 846 1748 omnes
872 1666 1022 1759 intelligi
1039 1685 1114 1738 non
1133 1665 1301 1737 videatur

230 1762 438 1854 absurdum,
459 1766 611 1839 maxime
626 1786 707 1838 cum
727 1767 762 1838 in
780 1764 1073 1883 subsequentibus
1089 1764 1184 1835 dicat
1200 1779 1302 1857 aper-

229 1862 321 1939 tius:
349 1865 443 1934 Sicut
465 1885 522 1955 per
545 1870 644 1950 unius
668 1854 850 1936 desidium
837 1892 874 1936 m
890 1890 995 1935 omnes
1011 1866 1185 1934 domines
1174 1889 1212 1932 m
1229 1890 1301 1933 con-

228 1963 479 2032 demnerionem·
466 2007 478 2046 ,
508 1967 557 2034 itu
573 1964 611 2039 Θ·
624 1985 681 2061 per
697 1970 795 2035 unius
809 1967 996 2062 justitiam
986 1990 1023 2033 m
1040 1989 1143 2034 omnes
1161 1965 1305 2034 homines

227 2063 534 2158 ad·jassificarsonem
550 2070 639 2138 uita.
699 2064 748 2135 Et
772 2080 813 2136 ut
838 2066 1042 2138 evidentius
1070 2063 1298 2153 ostenderet,

230 2181 358 2235 omnes
375 2162 540 2240 homines
557 2162 740 2239 &multos
759 2166 925 2238 homines
941 2164 1034 2236 idem
1051 2162 1141 2255 else,
1168 2165 1303 2238 addidit

230 2261 306 2336 his:
325 2262 424 2333 Sicut
438 2270 523 2331 enim
537 2283 593 2358 per
610 2269 664 2334 ino
665 2268 851 2364 bedienriom
865 2271 965 2334 unius
975 2267 1118 2334 hominis
1132 2281 1302 2359 peccatum

153 2449 156 2462 Ι
230 2362 394 2459 constitute
415 2363 493 2448 sunt
516 2365 635 2456 musti,
662 2372 724 2436 ita
736 2349 803 2439 ss
798 2387 859 2459 per
878 2371 1051 2434 uniusne
1019 2366 1204 2434 senientiam
1229 2364 1304 2465 jussi

232 2463 464 2558 constituentur
479 2465 584 2535 mun
623 2461 672 2539 Et
698 2464 797 2554 quod
823 2462 981 2555 superius
1009 2485 1135 2536 omnes
1163 2452 1305 2536 dixerat

233 2563 422 2656 homines,
445 2564 504 2637 hic
517 2563 647 2640 eodem
666 2562 765 2640 sensu
782 2568 915 2638 multos
931 2566 1144 2637 nominavit.
1187 2562 1304 2638 Nisrsr

235 2664 315 2753 quis
332 2663 447 2749 dicat,
475 2663 573 2753 quod
588 2666 697 2759 magis
716 2662 930 2757 permiscere
947 2664 979 2734 dr
998 2663 1221 2738 confundere
1238 2684 1304 2735 vo·

233 2765 313 2838 lens
331 2762 532 2853 Apostolus
556 2764 613 2852 id,
642 2766 740 2855 quod
759 2762 916 2853 superius
932 2778 1141 2855 aperuerat,
1167 2784 1214 2837 ne
1240 2762 1305 2857 (ut

235 2862 410 2953 diximus)
428 2860 637 2939 dissolveret
652 2883 693 2936 ac
708 2866 885 2934 relaxaret
902 2864 1100 2953 audientes,
1116 2883 1195 2953 eos,
1211 2882 1305 2952 quos

236 2975 321 3033 ante
337 2986 439 3030 omnes
454 2962 613 3053 dixerat,
641 2963 699 3033 bic
717 2966 822 3056 piures
840 2963 1064 3049 nominauit,
1091 2978 1132 3034 ut
1151 2959 1305 3050 utillud,

238 3059 337 3151 quod
352 3085 453 3130 omnes
470 3062 579 3142 dixit,
606 3061 650 3136 ad
667 3083 733 3150 eos
751 3062 1004 3136 tantummodo
1022 3062 1305 3152 traheretur,qui

214 3243 216 3264 i
237 3162 373 3237 donum
393 3159 527 3237 Christi
541 3163 663 3254 gratio
681 3160 867 3239 consecuti
885 3160 987 3252 sunt,
1014 3164 1073 3252 qui
1092 3175 1307 3234 tamennon

235 3263 362 3351 pauci,
388 3261 446 3334 sed
465 3262 584 3355 plures
602 3260 693 3334 sunt.
745 3259 890 3336 Etenim
912 3262 1023 3334 moris
1048 3259 1098 3334 est
1120 3260 1306 3354 Apostolo

236 3359 373 3451 Paulo,
391 3381 472 3436 cum
489 3360 533 3431 de
549 3362 770 3455 benignitate
787 3360 857 3433 Dei
873 3361 906 3436 dt
922 3360 1093 3436 ineffabili
1111 3361 1186 3452 ejus
1204 3363 1308 3432 boni·

236 3479 313 3538 tate
327 3464 442 3550 aliqua
456 3459 688 3552 patefecerit,
703 3459 839 3537 rursum
854 3476 1006 3554 propter
1024 3461 1309 3554 negligentiores

239 3581 405 3654 quosque
422 3559 605 3632 auditores
622 3562 804 3651 paululum
821 3562 924 3630 velut
937 3559 1146 3651 exasperare
1163 3580 1241 3648 quae
1257 3560 1309 3631 di·

236 3665 313 3753 xit,
347 3661 540 3732 &metum
566 3660 719 3750 aliquem
745 3661 995 3737 remillioribus
1021 3661 1230 3751 intentares,
1264 3673 1308 3732 ut

239 3783 321 3840 cunr
346 3761 391 3837 de
417 3755 491 3834 siue
511 3760 670 3837 omnium
696 3757 892 3834 Corinthiis
909 3758 1088 3852 disputans
1109 3762 1176 3835 ait:
1211 3762 1308 3833 Siout

126 3939 130 3948 ,
237 3866 375 3938 enimin
390 3861 492 3929 Adam
512 3883 616 3931 omncs
635 3866 839 3947 moriuntur,
867 3868 914 3930 ita
937 3861 1005 3935 U
993 3884 1030 3928 m
1050 3859 1176 3955 Christo
1200 3883 1305 3928 omnes

235 3961 514 4059 vivificabuntur,
542 3958 813 4060 &paulopostt
842 3963 965 4038 Deinde
973 3962 1081 4054 finis,
1107 3984 1232 4138 ‘md
1198 3962 1306 4035 tradi·

1185 4063 1248 4138 trit
