2825 4559
248 295 312 374 IN
335 275 513 374 amsla
537 289 619 366 An
644 291 873 403 Romala.
898 239 1002 373 m.
1022 228 1078 374 =V·
1107 254 1210 396 ¹3¹9¹
1268 317 1270 322 ·

138 457 379 560 propeccato
395 457 568 545 oblatam,
585 454 760 541 damnalia
774 470 973 547 peccatum.
1000 458 1093 532 Data
1107 451 1204 537 enim
1289 531 1291 536 ,
1317 528 1321 533 ,

135 563 245 637 nobis
262 555 460 652 ramitloae
479 568 712 650 peccatorum
729 554 889 651 fugatum
910 557 960 631 est
979 559 1011 631 δι
1033 564 1203 633 extermi-

137 676 263 736 natum
289 657 333 731 de
357 677 462 731 carne
486 654 605 730 nostra
626 661 834 747 peccatum,
862 659 1022 750 &coeplt
1039 659 1075 732 in
1092 662 1201 734 nobis

133 757 343 856 justificatio
369 758 456 852 legia
481 755 642 847 impleri,
668 757 762 830 illius
788 756 961 830 duntaxat
985 760 1096 853 legis,
1124 781 1202 851 quae

138 856 408 935 condeletlatur
424 856 495 952 lagi
512 855 601 947 Del,
629 875 706 945 quae
722 857 890 949 impletur
905 861 1004 950 cito,
1034 880 1115 933 cum
1129 862 1202 952 jam

136 981 217 1046 noa
236 957 361 1032 resistit
386 958 418 1029 ei
441 958 499 1028 lex
516 960 678 1049 peccati,
707 975 784 1045 qua
801 969 878 1029 erat
895 959 931 1028 in
950 962 1118 1032 membris
1137 981 1205 1032 no·

136 1059 236 1153 stria,
264 1058 421 1132 satamen
439 1073 514 1132 non
532 1054 885 1130 secundamcarnem
900 1059 1203 1151 ambulemua,sed
1255 1064 1264 1089 ⁸

136 1159 331 1234 secundum
351 1155 521 1250 spir-itum.
551 1155 645 1230 Nam
663 1156 782 1227 donec
799 1157 835 1227 in
853 1174 958 1230 carne
975 1158 1025 1230 est
1041 1159 1140 1251 qula,
1167 1160 1202 1232 ὰ

136 1258 330 1334 secundum
347 1275 488 1330 carnem
504 1254 619 1344 vivit,
649 1275 727 1346 quae
747 1259 863 1328 carnis
885 1254 964 1328 sunt
987 1258 1092 1349 sapit:
1120 1277 1203 1336 cum

138 1379 231 1434 vero
248 1356 474 1431 converterit
487 1353 521 1428 se
537 1354 581 1427 ad
596 1353 773 1449 spiritum,
798 1355 1011 1429 &mortuus
1027 1357 1137 1430 luerit
1154 1360 1204 1433 le·
1250 1384 1252 1387 ’

136 1459 171 1557 gi
187 1458 325 1553 peccati
341 1455 376 1528 δι
393 1456 533 1546 carnit,
559 1475 636 1546 quae
653 1453 731 1527 sunt
744 1453 884 1547 spiritua
903 1452 1002 1548 sapit·
1039 1457 1134 1532 Nam
1153 1459 1205 1534 se÷
1269 1509 1272 1516 ι

138 1561 294 1634 cundum
319 1574 462 1628 carnem
486 1553 627 1649 sapere,
651 1573 750 1628 mort
769 1554 820 1628 est
836 1557 980 1629 anima:
1007 1556 1202 1636 secandum

136 1658 296 1751 spiritum
312 1676 418 1747 vero,
426 1654 501 1728 vita
518 1655 552 1726 ἃ
567 1674 637 1748 pax
653 1652 724 1728 est:
753 1656 834 1746 quia
846 1655 1003 1750 sapientia
1018 1666 1122 1729 carnis
1138 1666 1204 1729 im·-

140 1764 220 1829 mlaa
236 1751 275 1855 ‘fl
293 1760 380 1843 Dea,
406 1756 478 1828 hoc
494 1753 557 1844 est,
574 1754 658 1828 dum
675 1771 762 1826 cato
777 1753 902 1828 aelistit
914 1754 1107 1850 spititui‚&
1125 1779 1203 1836 non

143 1855 195 1933 'est
210 1854 361 1950 subJetla
376 1855 445 1949 legi
463 1853 614 1946 mentia,
640 1871 718 1946 quae
733 1853 792 1926 lex
807 1855 878 1929 Dei
896 1854 967 1945 est,
993 1859 1134 1933 inimica
1151 1859 1204 1934 est

126 1956 245 2033 Deo:
270 1954 304 2029 it
322 1956 407 2029 ideo
424 1956 484 2045 qui
501 1954 692 2030 carnaliter
709 1953 854 2044 vivunt,
865 1954 949 2029 Deo
963 1960 1107 2050 placete
1124 1980 1202 2036 non

140 2055 297 2153 polluat.
323 2055 393 2128 Sed
410 2076 488 2144 voa,
502 2053 652 2149 inquit,
678 2075 746 2125 aaa
762 2055 828 2151 eflis
846 2061 1018 2143 incarne,
1045 2059 1205 2155 hoc.est,

137 2177 217 2233 non
231 2154 421 2230 secundum
438 2167 583 2229 carnem
597 2152 802 2247 vivitis‚seal
820 2150 1010 2231 secundum
1029 2156 1204 2252 spiritum,

130 2257 281 2355 fitamaa
297 2254 438 2353 Spiritus
455 2257 519 2326 Dei
530 2254 658 2326 habitat
676 2260 713 2324 in
732 2256 831 2330 vobis.
882 2255 971 2329 Haec
996 2256 1142 2349 polluat
1168 2262 1203 2334 δι

137 2355 332 2431 secundum
362 2354 486 2447 allam,
512 2369 554 2427 ut
579 2354 753 2448 diximus,
778 2356 1040 2448 expolitionem
1067 2359 1103 2431 in
1131 2363 1206 2436 hoc
1297 2396 1299 2400 Α

138 2455 228 2532 loco
245 2457 418 2548 coaptati.
446 2452 563 2550 Eligat
575 2466 695 2527 tamen
715 2455 774 2544 qul
793 2456 902 2550 legit,
922 2447 955 2529 a
973 2455 1071 2546 quad
1087 2462 1205 2552 aptlult

137 2557 369 2653 probaverit,
395 2545 555 2629 litamen
568 2556 802 2648 probavetlt‚
828 2556 903 2627 hoc
922 2548 1097 2646 sequatur.

195 2717 197 2722 .
220 2677 274 2750 13.
302 2658 343 2726 Si
358 2661 430 2752 quii
444 2670 551 2725 autem
566 2658 726 2749 Spiritum
745 2655 865 2751 christi
878 2674 943 2726 nan
957 2657 1061 2741 habet,
1072 2662 1123 2728 hic
1137 2677 1205 2730 nott

140 2753 181 2855 ιβ
194 2759 274 2853 ajat.
301 2758 340 2827 Si
354 2768 459 2825 autem
479 2753 622 2853 chrislus
642 2760 679 2823 in
694 2753 781 2824 volit
800 2756 851 2849 tsi,
861 2774 967 2853 corpus
983 2762 1107 2854 quidam
1123 2780 1205 2830 mat.

140 2875 232 2931 tuum
250 2855 290 2953 ιβ
305 2871 431 2953 propter
445 2867 618 2950 peccatam,
637 2854 775 2950 spiritus
794 2878 869 2928 atra
885 2874 958 2928 aeta
972 2876 1100 2955 propter
1109 2860 1206 2955 jusii-

130 2961 327 3052 ficationem.
378 2956 509 3047 Quali
525 2957 671 3050 Spiritui
685 2960 770 3051 ajat,
797 2960 850 3052 qut'
870 2956 1041 3046 suscitavit
1060 2961 1205 3056 Jesuma

140 3063 297 3151 mortuis,
321 3057 501 3127 habitatin
517 3056 628 3141 vobist
654 3062 709 3151 qui
721 3053 892 3146 suscitavit
912 3059 1025 3155 Jalum
1042 3062 1206 3158 Christum

142 3185 164 3229 a
180 3161 324 3245 mortuis,
339 3157 520 3247 vivificabit
535 3153 574 3231 (i
588 3157 737 3225 mortalia
755 3157 858 3251 vestra
873 3180 997 3251 corpora
1015 3179 1143 3257 propter
1155 3168 1206 3232 in.
1254 3164 1260 3175 '
1286 3161 1289 3170 '

140 3258 340 3330 habitantem
356 3261 517 3352 Spiritum
535 3257 603 3358 ejus
619 3260 657 3325 in
670 3255 767 3326 vatis.
820 3253 932 3353 Quod
959 3259 1205 3334 constantibus

140 3357 175 3431 ἃ
191 3357 463 3446 dialeilicaarte
478 3353 636 3429 collettis
652 3369 773 3428 utatur
788 3348 993 3452 syllogismis
1005 3357 1205 3454 Apostolus

138 3457 268 3531 Paulus
284 3459 344 3530 vel
360 3458 395 3530 in
412 3456 483 3529 hoc
498 3454 600 3547 loco,
610 3458 669 3527 vel
685 3457 720 3528 in
737 3456 811 3528 aliis
826 3453 995 3548 Epistolia
1009 3456 1077 3533 suia
1086 3512 1099 3549 ‚
1127 3479 1206 3534 non

140 3559 227 3633 mihi
246 3576 342 3630 nunc
360 3555 614 3649 exponendum
641 3555 807 3647 videtur,
834 3574 881 3629 ne
906 3556 1004 3631 forte
1030 3558 1106 3633 non
1131 3575 1206 3638 tam

140 3657 294 3732 selentiae
309 3658 406 3749 ejus,
433 3675 537 3746 quam
550 3651 744 3742 sermonis,
769 3656 807 3728 ia
821 3674 895 3747 quo
912 3679 987 3731 non
1001 3661 1083 3733 vult
1097 3658 1131 3733 se
1144 3683 1207 3755 pe-
1307 3721 1326 3726 .<

139 3760 248 3832 ritum
269 3756 362 3849 diei,
388 3753 574 3829 affertorea
596 3755 781 3828 videamur
799 3753 891 3829 elle:
917 3756 1051 3833 &ideo
1071 3776 1207 3857 propo·
1270 3794 1273 3806 ·

138 3855 195 3932 liti
214 3859 322 3953 magia
339 3856 486 3950 capituli
508 3852 640 3928 sensum
661 3852 836 3928 discutere
853 3861 1135 3949 properabimus.
1162 3863 1206 3935 In

137 3955 404 4102 superlatibua,
429 3955 493 4031 ubi
511 3955 623 4034 dicits,
649 3958 714 4055 Vae
736 3971 843 4038 autem
865 3962 904 4030 in
924 3983 1020 4035 cama
1036 3960 1206 4151 magle,
