2825 4559
241 268 612 428 rnnrrsnnn
636 293 997 397 sonantis.
1022 315 1123 442 vnn
1170 283 1248 412 '405
1305 365 1307 376 ·

179 480 325 556 idumei
341 481 587 575 appellantem
613 492 675 554 aut
691 476 852 572 Arabes,
868 476 1023 573 Scytha.
1050 453 1245 560 Christiani

179 601 365 676 veronen
383 580 434 654 est
448 602 516 653 una
533 580 701 673 gena,sed
719 601 765 654 ex
783 579 951 654 omnibus
967 581 1135 676 gentibus
1151 599 1244 654 utura

179 679 355 774 populius:
383 682 423 772 dr
433 681 517 754 ideo
527 679 677 772 Moyses
695 700 763 775 pro
782 677 918 754 summo
934 679 1078 770 honore
1095 705 1159 752 ann
1170 704 1246 773 gen.-

178 798 239 852 nm
259 782 574 872 annominavit,
602 785 682 869 quia
701 799 777 852 non
796 791 874 852 erat
891 799 961 851 una
978 799 1086 874 pens,
1112 776 1192 872 sed,
1217 777 1244 856 fi
1330 875 1332 880 Ι

176 880 227 952 ite
249 880 317 951 dici
335 878 484 972 potest‚.
499 877 660 954 omnium
683 879 843 976 gentium
871 898 970 973 gens.
1024 880 1162 953 Verum
1182 899 1247 952 ex·

178 979 272 1052 cludi
292 977 493 1052 videbimur
511 979 546 1051 in
563 979 630 1064 his,
652 999 730 1070 quae
750 978 1028 1070 subsequuntur,
1055 979 1117 1051 nbi
1135 975 1242 1058 dicit:
1324 979 1326 986 '

176 1082 219 1150 In
241 1094 375 1170 gentem·
391 1079 598 1168 insensatam,
624 1082 661 1150 in
687 1085 771 1148 iram
796 1093 856 1150 nor·
879 1082 1044 1148 inducant:
1065 1077 1177 1167 ¹quod
1204 1075 1242 1150 δῦ
1290 1081 1336 1170 ’Ἰ

174 1193 320 1273 gentem
338 1199 436 1270 earn,
464 1178 733 1269 &insipientem
748 1175 1004 1254 nominaverit.
1041 1178 1177 1248 Verum
1194 1195 1242 1250 nc

172 1278 212 1353 in
231 1278 303 1349 boc
321 1277 462 1368 quidem
480 1277 631 1350 famulus
650 1277 717 1351 Dei
738 1275 886 1369 Moyses
909 1277 1166 1352 contumeliam
1188 1273 1240 1348 sa·¹
1333 1371 1335 1376 Ι

173 1377 225 1449 cit
247 1378 385 1469 populo
410 1378 503 1464 Dei;
531 1375 589 1448 sed
605 1377 828 1468 previdebat
846 1378 881 1449 io
897 1374 1039 1468 spiritu,
1068 1375 1239 1466 quoniam

171 1475 196 1571 si
214 1478 291 1566 quia
308 1477 390 1548 vult
410 1476 547 1568 sapiens
569 1474 689 1550 essein
706 1477 953 1568 boemundo,
978 1475 1141 1566 insipiens
1158 1471 1239 1548 fieri

164 1577 302 1667 debet,
319 1589 361 1647 ut
379 1574 421 1648 srt
436 1573 571 1669 sapiens
588 1575 681 1668 apud
698 1578 839 1652 Deum:
866 1574 993 1670 &qaia
1009 1599 1075 1646 nan
1092 1578 1238 1667 cognovit

170 1677 307 1744 mundata
328 1696 390 1769 par
404 1675 597 1771 sapientiam
625 1681 747 1762 Deum,
771 1678 893 1769 placuit
911 1679 977 1745 Dea
996 1694 1050 1770 par
1058 1676 1236 1769 stultitiane
1286 1711 1288 1723 ·

167 1778 400 1870 predicationis
411 1777 519 1863 salvar
530 1775 640 1865 facete
657 1780 835 1845 credentes:
861 1774 897 1847 dt
921 1777 1001 1865 quia
1023 1793 1086 1866 pet
1109 1775 1236 1867 predi·
1305 1779 1310 1832 '-

171 1873 351 1947 cntionem
375 1877 491 1948 crucis
513 1873 661 1967 Christi,
688 1896 766 1965 quae
792 1874 843 1948 est
867 1872 1014 1946 stultitia
1040 1873 1236 1964 Gentibus,

168 1975 443 2067 congregabitur
462 1977 636 2065 populus,
652 1979 711 2066 qui
728 1970 840 2048 fiatin
855 1973 1077 2047 boemundo
1091 1971 1233 2060 stultus,

166 2085 209 2144 ut
233 2073 274 2146 stt
300 2073 434 2164 sepiens
461 2073 553 2164 apud
581 2075 711 2149 Deum.
762 2072 964 2148 irascuntur
991 2094 1078 2168 ergo
1105 2072 1234 2166 Judaei,

165 2172 267 2264 quod
282 2172 360 2263 ipsrs
377 2171 628 2248 excusantibus
647 2173 947 2264 &refutantibus
960 2174 1003 2244 ad
1021 2174 1235 2266 convivium
1314 2227 1316 2236 .

166 2272 262 2365 regis
288 2273 449 2344 invitatae
476 2272 556 2346 sunt
581 2273 743 2366 Gentes,
770 2294 845 2345 non
872 2271 1081 2364 aspicientes
1107 2271 1150 2346 td
1176 2291 1245 2365 ea,*
1303 2291 1333 2370 ·,

167 2390 244 2460 quae
261 2372 393 2445 dudum
419 2374 464 2445 de
477 2373 553 2445 boc
569 2371 740 2465 mysterio
761 2375 873 2460 Esaias
887 2373 981 2450 audet
1000 2376 1038 2447 tn
1055 2376 1150 2460 diait:
1178 2373 1233 2442 In-

167 2485 283 2540 nantas
294 2474 366 2557 sum
383 2495 481 2541 anon
496 2474 705 2567 quarentibus
722 2496 790 2542 mer
811 2473 917 2567 palam
934 2476 1067 2565 apparui
1084 2477 1169 2541 inter
1183 2494 1233 2541 tar
1336 2545 1340 2558 ¹

167 2575 371 2667 quintanae
391 2572 643 2664 interrogabant.
694 2575 746 2644 At
773 2573 869 2656 lsrael
893 2589 996 2642 autern
1021 2566 1101 2666 quiri
1125 2566 1233 2645 dicit?

171 2666 258 2742 ‘Tota‘
269 2673 321 2744 die
334 2675 470 2765 expandi
485 2697 598 2742 manus
613 2695 693 2741 mtar
707 2675 748 2742 ad
760 2673 905 2766 populum
922 2696 988 2740 nan
1007 2675 1176 2741 credentem
1191 2670 1232 2746 U

166 2773 440 2845 contradicentem.
469 2770 618 2845 siennin
638 2772 877 2863 superioribus
893 2769 983 2863 saepe
1001 2768 1232 2851 ostendimus,

164 2868 382 2961 Apostolum
399 2869 545 2944 Paulum
563 2891 661 2944 nunc
677 2870 722 2944 de
738 2870 939 2962 Gentibus,
953 2891 1050 2943 nunc
1065 2870 1111 2942 de
1127 2868 1232 2954 lsrael

164 2967 285 3042 facere
299 2967 522 3061 sermonem,
548 2991 617 3043 nec
639 2984 758 3044 tamen
781 2972 972 3048 evidenter
990 2970 1023 3042 ds
1039 2972 1151 3061 palam
1167 2970 1232 3042 im·

167 3068 404 3160 mutationem
428 3069 610 3144 declarate
630 3069 808 3163 persone:
835 3070 945 3147 ita&
972 3067 1087 3148 Esaias
1114 3070 1149 3148 in
1176 3069 1232 3148 hia
1329 3069 1332 3076 ’

167 3165 391 3240 sermonibus
416 3168 520 3251 facit,
547 3190 639 3259 quos
655 3169 698 3241 ad
716 3172 918 3264 exemplum
933 3167 1133 3261 Apostolus
1147 3187 1232 3260 pro·

167 3267 269 3338 tulit:
294 3257 330 3344 'dr
351 3269 479 3360 primas
497 3269 638 3359 quidem
658 3284 799 3362 partes,
822 3268 952 3360 idest,
982 3273 1139 3356 Inventas
1162 3268 1231 3360 [tm
1308 3263 1315 3281 '

164 3393 188 3437 a
202 3391 270 3436 non
285 3370 494 3465 quarentibus
511 3391 579 3453 met
603 3371 709 3463 palam
726 3373 859 3464 apparui
875 3369 1068 3456 interillos,
1094 3372 1150 3465 qui
1162 3392 1230 3438 non

165 3468 406 3559 interrogabant
424 3493 488 3555 mc,
512 3466 584 3540 stne
604 3468 715 3542 dubio
733 3470 777 3541 de
792 3466 969 3542 Gentibus
985 3468 1088 3540 dicit:
1114 3466 1147 3540 dt
1167 3467 1230 3542 ubl

163 3568 225 3638 illc
240 3566 426 3657 personam
443 3569 596 3639 latenter
612 3571 790 3660 immutat,
806 3566 1007 3660 Apostolus
1021 3566 1229 3643 evidentem

165 3662 426 3740 distinctionem
453 3665 675 3740 sermonibus
697 3665 765 3738 suis
787 3668 885 3742 dedit
902 3668 939 3739 in
958 3688 1030 3758 eo,
1056 3666 1153 3758 quod
1170 3665 1229 3738 ad·

165 3765 273 3837 didit:
300 3768 350 3836 Ad
369 3763 464 3857 lsrael
482 3781 589 3835 autam
604 3768 680 3860 quid
696 3762 800 3838 diat?
826 3767 859 3842 u
882 3766 1060 3859 superiora
1086 3765 1229 3857 quidem

164 3861 384 3958 aduenas,
406 3865 591 3956 sequentia
609 3885 701 3939 vero
718 3867 872 3957 exponit
891 3867 934 3936 ad
952 3864 1058 3938 Israal
1083 3863 1152 3938 esse
1173 3885 1230 3937 re-
1337 3873 1340 3880 '

163 3964 333 4056 terenda,
358 3968 538 4058 inquibus
555 3969 624 4044 ait:
655 3960 738 4141 Tga
755 3966 803 4039 dia
818 3966 952 4065 expandi
965 3989 1079 4040 nunus
1092 3989 1172 4040 meas
1188 3967 1229 4039 ad

720 4087 740 4146 ⁶
768 4087 789 4165 3
983 4083 988 4093 “
1090 4083 1191 4162 iii*

1333 3931 1340 4040 t

1309 4159 1340 4276 i
