2825 4559
279 277 1105 420 1uu'r1srouusueu‘rrruuer.
1156 345 1229 420 551
1334 407 1335 414 t

134 557 137 564 .
166 505 201 579 dr
218 499 300 597 post
316 498 520 593 ‚paululumt
545 497 625 568 Nm
639 492 961 580 omnesqdormiemur,
985 491 1038 576 lei
1051 513 1153 560 omnes
1170 494 1230 562 im·

164 604 381 687 mutabimur,
408 604 445 666 in
461 611 630 678 momentu,
656 597 695 662 im
712 587 778 662 iiia
795 592 934 676 oculi,.in
950 587 1122 680 neuiffime
1137 591 1227 670 iuba.

113 691 125 714 ⁸
168 705 372 776 canetenim
394 698 486 781 tuin,
512 697 551 769 U
570 699 689 764 mertui
707 689 867 782 resurgent
883 695 1081 784 imampri,
1107 692 1146 766 (5
1171 720 1231 766 rtur

164 804 413 876 immutabimur.
456 794 657 886 Cum-ergo
677 791 753 864 huc
773 789 819 862 de
834 790 1095 867 dormitatione
1109 792 1231 869 dicun.

163 918 224 977 tur
237 902 271 976 u
286 914 425 988 morte,
452 895 485 966 dr
503 894 589 968 iilud
606 895 764 987 legamus
780 893 816 962 in
832 887 1035 983 Apostolo:
1060 895 1159 988 Surge
1173 907 1230 994 qua·

163 1008 300 1083 dormis,
322 1000 361 1076 (i
380 995 555 1088 exsurge-de
570 999 725 1077 mortuis,
752 989 790 1066 θ’
807 990 1005 1059 illuminabit
1024 1009 1054 1061 ie
1072 996 1229 1094 Christus,

161 1106 320 1197 juremus
344 1098 533 1184 Domino,
567 1093 602 1165 dr
628 1105 758 1166 votum
785 1090 954 1182 faciantur
981 1089 1066 1165 Deo
1091 1095 1231 1196 Jacob,

163 1201 409 1292 unusquisque
433 1197 557 1270 dicens
579 1195 617 1264 in
642 1191 754 1263 corde
779 1189 863 1263 suo:
890 1195 931 1262 Si
956 1194 1233 1296 ascendamsapaa·

157 1303 298 1401 fluuium
314 1321 432 1378 meum,
454 1296 482 1388 β
501 1298 607 1364 dedara
624 1293 770 1380 somnum
790 1291 998 1380 renitimur,
1025 1294 1064 1372 θ
1076 1301 1232 1394 palpebris

164 1407 241 1473 meir
260 1403 525 1481 dormitationem,
543 1394 634 1464 dana
650 1394 820 1461 inveniam
835 1391 934 1460 letum
953 1396 1109 1468 Domino:
1135 1400 1231 1479 haud

166 1502 329 1590 dubium,
344 1501 429 1590 quin
448 1498 485 1567 in
503 1494 620 1568 anime
636 1490 695 1563 suu
713 1493 979 1566 tabernaculum
994 1491 1079 1569 Deo
1096 1501 1230 1597 Jacob,

163 1615 208 1673 ut
225 1601 325 1674 Dour
344 1600 380 1670 in
399 1598 463 1669 illo
480 1608 613 1666 aeternt
629 1589 711 1664 sede
729 1587 938 1680 requiescat.

244 1698 430 1791 Sequitur:
458 1697 547 1786 Quia
575 1689 634 1784 ipse
657 1694 821 1768 Dominus
846 1696 881 1758 iu
893 1692 998 1784 juffir,
1024 1694 1057 1765 dc
1084 1700 1232 1791 reliqua.

168 1797 377 1873 Descendet
397 1795 491 1869 enim
511 1789 628 1866 missus
646 1790 813 1876 rPetre,
839 1810 914 1864 non
934 1793 1140 1871 diversitate
1162 1804 1233 1874 vir-

168 1903 279 1990 tutis,
306 1897 365 1970 sed
381 1890 644 1984 dispensatione
660 1891 809 1982 judicis3
836 1888 1078 1968 &descendet
1092 1899 1135 1970 ed
1151 1921 1232 1995 eor,

168 2003 228 2088 qui
246 1994 409 2070 deorsum
427 1992 507 2066 sunt
521 1994 685 2066 Verbum
703 1991 794 2079 Dei,
822 1988 1062 2087 desipientiae,
1090 1997 1235 2075 &vmi-
1287 2057 1289 2062 .

169 2111 245 2188 tre,
262 2112 369 2188 utque
383 2093 526 2188 iustitie.
556 2087 603 2162 Et
622 2111 824 2182 quenquam
843 2093 978 2164 mortui
995 2089 1063 2168 fint
1079 2098 1123 2170 ud
1140 2121 1233 2191 quor

161 2197 333 2294 dignatur
351 2195 586 2281 descendere,
615 2210 692 2263 non
719 2205 838 2264 tamen
863 2188 944 2262 sunt
970 2193 1014 2264 ab
1041 2215 1088 2269 eo
1106 2202 1235 2278 alieni:
1298 2203 1300 2208 ’

167 2298 305 2370 mortui
320 2297 415 2367 enim
431 2305 610 2364 vocantur
628 2292 664 2360 in
677 2289 832 2364 Christo.
860 2291 933 2384 Qui
954 2304 1072 2368 eutem
1090 2293 1235 2381 vivunt.

169 2393 242 2467 huc
260 2394 395 2466 hebent
413 2391 663 2482 privilegium,
691 2389 788 2480 quod
813 2391 994 2482 eliguntur
1020 2398 1234 2485 epluribus.

171 2495 345 2565 Attamen
361 2505 551 2578 utrumque
569 2507 715 2581 agmen,
743 2489 1074 2568 &mortuorumin
1093 2493 1236 2575 Christo

173 2592 207 2665 δι
233 2591 459 2664 viventium,
488 2588 673 2678 rapientur
695 2588 829 2677 pariter
848 2591 884 2661 in
911 2591 1065 2668 nubibus
1090 2601 1261 2677 obuiam·

172 2689 337 2782 corruo,
363 2703 404 2759 ut
420 2707 496 2762 non
513 2708 593 2760 eum
607 2684 811 2778 exspeiient
827 2689 947 2762 donec
963 2692 1006 2766 ad
1022 2708 1164 2771 terrene
1181 2702 1241 2773 de·
1307 2751 1309 2756 -

171 2791 339 2881 scendet,
367 2787 425 2860 sed
443 2784 627 2879 presentia
646 2786 741 2857 illius
761 2787 793 2858 dr
812 2793 1057 2866 contubernio
1079 2798 1115 2870 in
1135 2797 1238 2875 subii.

172 2893 291 2966 mibue
308 2889 547 2982 perfruuntur.
574 2888 792 2979 Quantaque
807 2889 1017 2983 clementia,
1044 2908 1085 2967 ut
1104 2918 1171 2987 pro
1188 2893 1239 2973 sa.
1296 2919 1301 2927 ·

172 2995 250 3064 lute
268 2987 388 3061 nostra
404 3008 479 3058 non
498 2986 608 3060 solum
626 3005 711 3058 caro
726 2985 837 3059 ftiiue
852 2987 912 3080 sit,
940 2988 998 3062 sed
1016 2994 1057 3065 ad
1073 3014 1239 3077 mortuoe

174 3090 284 3179 usque
301 3087 541 3176 descenderit,
561 3085 603 3155 'u
626 3083 756 3176 inipso
777 3101 896 3159 morte
918 3089 1048 3164 habeat
1070 3095 1163 3190 signa
1189 3107 1243 3172 vi.

172 3189 361 3262 ventium!
388 3189 492 3276 Aqua
509 3185 604 3258 enirn
622 3184 656 3256 u
672 3183 808 3280 sanguis
827 3187 872 3258 de
888 3189 1001 3262 latere
1017 3193 1092 3280 ejus
1110 3200 1242 3289 egressa

174 3289 267 3363 sunt.
319 3283 515 3358 Descendit
537 3287 645 3377 igitur
663 3283 779 3359 sermo
801 3284 942 3362 divinus
961 3311 1058 3364 voce
1076 3293 1242 3372 Archan-

174 3389 268 3483 geli,
294 3386 565 3475 &properante
577 3384 645 3456 sibi
662 3386 756 3457 viem
772 3386 807 3457 in
825 3386 898 3475 his,
925 3390 984 3479 qui
1005 3393 1078 3480 ejus
1095 3395 1244 3487 possunt

176 3489 271 3562 ferre
287 3483 519 3577 presentiam.
555 3485 666 3577 Quod
685 3501 724 3556 ut
740 3506 910 3576 queamus
925 3488 1147 3586 intelligere,
1173 3506 1242 3592 pri.

177 3588 228 3663 mi
246 3587 422 3660 adventur
440 3582 606 3674 mysteria
625 3583 894 3675 cognoscamus.
934 3587 1112 3683 Scriptum
1131 3598 1181 3671 est
1200 3603 1247 3677 de
1289 3607 1291 3618 '

179 3687 342 3783 Joanne,
370 3685 429 3773 qui
448 3681 643 3776 precursor
662 3683 737 3770 ejus
755 3682 845 3773 fuit,
872 3689 969 3776 quod
990 3690 1026 3762 in
1048 3713 1171 3772 eremo
1194 3703 1246 3774 di.

134 3827 146 3842 ,
180 3788 296 3861 gerit:
329 3785 390 3876 Ego
408 3807 471 3854 vax
486 3786 657 3852 clamantis
675 3789 712 3849 iu
731 3784 865 3865 deserum
892 3786 1092 3881 &reliqum
1119 3807 1122 3818 '
1146 3802 1246 3895 Quid

183 3887 353 3966 clamavit
375 3903 450 3954 vox
469 3884 504 3960 iu
520 3880 691 3954 deserto?
722 3884 839 3951 Parare
856 3890 942 3953 viam
967 3893 1116 3979 Domni,
1144 3903 1246 3972 retias

175 3986 414 4090 {tertulinum
435 3987 513 4092 ejus.
550 3988 611 4064 tib
628 3982 726 4074 quod
743 3984 924 4073 premium
942 3999 1096 4086 'quemve
1111 4019 1254 4083 mercna,
1333 3995 1335 4006 '

677 4087 821 4188 Μῶα,
939 4123 945 4140 =
1106 4098 1223 4170 nem
