2825 4559
235 289 287 366 ao
354 275 683 369 outcome
723 229 1114 362 conueniat.
1222 231 1224 237 ’

238 433 530 542 ιαηὶιηνιρητὲὶ
545 443 663 540 vestri,
690 445 730 520 U
747 446 809 514 erit
827 447 864 513 in
871 445 993 540 fignuae
1013 446 1189 543 teplamenti
1204 449 1294 519 inter

238 569 287 616 rore
301 549 340 622 tit
352 567 427 618 vos:
452 543 491 620 U
509 565 590 640 puer
603 534 717 615 aliana
733 544 783 615 elis
797 548 1029 615 circumcidetur
1043 551 1080 614 in
1096 549 1201 647 ¹polis,
1229 570 1293 616 osu·

238 649 294 716 nis.
306 645 459 734 masculus
470 652 508 715 in
515 644 768 736 generationibus
782 645 910 740 oepiris:
935 647 1186 724 accumulant]
1197 667 1291 738 pecu·

238 767 297 814 nea
310 759 430 840 suptus
445 745 486 816 ab
500 744 640 816 rmniius
647 746 735 834 filiis
749 743 1015 835 alienigenarum,
1041 749 1097 842 qui
1112 767 1176 815 nan
1192 747 1231 838 cll
1250 771 1289 837 ns

97 926 101 937 Ι
238 845 351 928 firmine
371 859 442 924 tuo,
471 842 692 934 eircumeifione
712 847 946 914 circumcidetur
966 847 1159 920 vernaculus
1182 846 1289 914 damur

238 942 357 1030 tun&
368 949 500 1039 pecunia
511 959 705 1037 comparatus
720 967 739 1012 o
756 958 806 1012 te:
831 942 869 1016 (Ἰ
888 936 949 1012 erit
966 945 1176 1036 replementum
1190 969 1290 1014 meum

232 1044 463 1140 supercarnem
479 1043 611 1138 uestram
629 1041 843 1138 colementum
861 1060 1033 1113 aternum:
1064 1044 1102 1120 (5
1129 1049 1292 1112 incircum·

238 1144 319 1230 cisus
332 1143 491 1230 masculus,
504 1138 636 1237 pui'non
648 1142 758 1232 fuerit
773 1145 965 1226 circumcisus
980 1149 1018 1212 in
1033 1169 1135 1214 carne·
1141 1147 1292 1239 praeputii

234 1243 287 1333 sui
302 1242 352 1313 lie
365 1239 490 1328 oliano,
503 1241 766 1311 exterminabitur
781 1245 888 1310 onina
904 1244 960 1313 ille
972 1245 1127 1336 degenere
1139 1245 1204 1330 suo,
1215 1248 1291 1339 quia

237 1343 450 1439 testamentum
466 1363 565 1410 meum
583 1334 756 1436 lffpavit.
782 1337 870 1412 Non
889 1361 956 1412 noa
972 1356 1089 1415 tamen
1108 1345 1219 1414 latete
1233 1343 1292 1414 de·

239 1444 317 1533 bet,
328 1439 426 1534 quod
442 1441 480 1514 in
498 1439 572 1512 aliis
588 1439 847 1532 exemplaribus
866 1461 940 1514 non
959 1442 1106 1513 habetur
1123 1441 1290 1533 positum,

160 1545 165 1552 “
240 1541 365 1614 olicae
380 1542 445 1625 tie,
471 1539 508 1610 in
523 1535 598 1612 hoc
613 1539 783 1613 duntaxat
801 1536 898 1613 ioco.
948 1539 1036 1613 item
1060 1542 1096 1634 in
1121 1541 1290 1615 Levitico

239 1637 407 1734 scriptum
428 1635 495 1712 est:
531 1635 578 1710 Et
591 1639 713 1710 locutus
728 1639 767 1730 cll
785 1641 942 1708 Dominus
959 1643 998 1707 aei
1016 1640 1147 1734 Moysen
1167 1644 1292 1710 licenst

243 1743 385 1837 Loquere
390 1741 475 1828 filiis
496 1736 607 1826 israel,
632 1736 671 1813 U
686 1738 764 1809 elices
779 1739 819 1808 al
838 1761 906 1807 ear:
931 1737 1070 1826 Mulier,
1097 1761 1292 1836 quacumque

235 1839 400 1934 susceperit
411 1839 529 1927 semen,
547 1839 584 1910 li
600 1840 752 1932 pepererit
768 1837 954 1924 masculum,
977 1833 1135 1915 inmunia
1152 1843 1214 1909 erit
1225 1841 1291 1936 lep·

240 1958 304 2011 tem
319 1937 442 2022 licius,
462 1938 628 2024 sarmium
642 1937 709 2006 lies.
716 1941 918 2032 purgationis
936 1941 1094 2008 immunda
1108 1944 1183 2025 erit,
1194 1939 1292 2014 lli-iit

213 2035 351 2111 taliano
366 2037 558 2110 circumcidet
576 2060 699 2108 cornere
710 2042 859 2132 preputii
879 2043 963 2130 ejus,
977 2047 1016 2112 σ
1033 2043 1166 2130 triginta
1186 2041 1292 2112 tribus

239 2139 344 2212 ‹lielus
356 2135 475 2224 sedebit
492 2131 691 2229 insanguine
705 2135 759 2221 suo
776 2137 950 2212 inmunia.
985 2137 1074 2210 Haec
1090 2139 1231 2228 quidem
1245 2135 1292 2214 de

238 2242 319 2334 iege
340 2235 461 2328 Moyii
483 2233 684 2308 testimonia
706 2233 897 2331 posuimus.
948 2233 1114 2310 Salvator
1137 2256 1227 2308 vero
1253 2240 1292 2312 in

239 2333 441 2430 Evangelio
459 2335 528 2428 ait,
554 2333 857 2407 circumcisionem
873 2336 1034 2428 accipere
1057 2337 1237 2409 hominem
1254 2337 1292 2414 in

238 2436 407 2525 sabbato,
433 2432 559 2507 &non
577 2433 667 2506 solvi
691 2434 805 2529 legem
822 2433 966 2527 Moyss;
990 2435 1128 2507 &dicit
1147 2457 1223 2506 eam
1246 2442 1292 2510 ee

237 2537 400 2612 Patribus
414 2531 505 2624 elie,
532 2531 665 2606 &ante
682 2530 838 2630 Moysen
856 2533 983 2607 datam.
1029 2531 1137 2626 Cujus
1153 2532 1291 2608 senten·

238 2641 298 2712 tiae
315 2631 540 2722 austeritate,
549 2631 639 2705 ficut
655 2632 688 2705 ts
706 2633 826 2728 legalia
842 2635 1007 2726 praecepti
1024 2637 1198 2728 gravitate
1211 2653 1291 2726 per·

238 2736 343 2817 moti,
355 2735 461 2806 etiam
477 2729 559 2829 post
574 2732 768 2804 adventum
781 2729 862 2824 Jesu
876 2732 957 2806 suaso
974 2733 1052 2805 sunt
1068 2734 1206 2824 quidam
1224 2732 1289 2805 cisa

239 2832 410 2924 concidi,
436 2847 517 2904 cum
532 2827 645 2904 client
661 2851 706 2904 aa
721 2829 911 2905 Gentibus.
955 2832 1026 2902 Alii
1046 2851 1137 2902 vero
1154 2829 1288 2906 hoeni²

240 2947 364 3008 centes
377 2929 520 3024 pondua
535 2930 728 3023 precepti,
742 2925 953 3026 refttgerunt
966 2931 1107 3022 penitus
1123 2933 1228 3004 etiam
1244 2931 1288 3004 ab

238 3033 318 3127 ipssa
336 3028 531 3125 iegibur,in
547 3027 675 3119 quibos
691 3027 768 3101 haec
784 3028 910 3119 scripta
928 3027 1159 3118 videbantur,
1184 3031 1233 3100 ita
1249 3043 1291 3106 ut

237 3143 408 3229 potarent
425 3129 592 3202 huonon
612 3121 684 3200 effe
701 3127 789 3201 boni
805 3126 873 3200 Dei
893 3127 1074 3220 mandate,
1100 3149 1169 3202 nec
1191 3129 1288 3224 ejus,

239 3254 318 3324 qoae
335 3227 514 3304 Dominus
537 3226 570 3298 u
590 3225 757 3300 Salvator
772 3224 891 3300 nostes
915 3229 1103 3320 predicare
1126 3225 1288 3306 veoiffeti

237 3330 288 3405 iit
306 3329 391 3403 ideo
406 3329 490 3400 mibi
508 3326 651 3400 videtur
665 3325 870 3420 diligentior
879 3327 920 3398 in
938 3328 1065 3399 tatibus
1082 3330 1171 3400 loeis
1190 3326 1286 3401 adhi·

237 3430 356 3506 banda
378 3425 555 3518 diiculiio,
580 3424 606 3498 st
630 3424 671 3497 ist
693 3425 823 3516 aliquid
846 3425 883 3496 in
898 3424 1099 3514 huiusmodi
1118 3427 1287 3500 mandato

237 3527 400 3602 utilitatis
420 3529 525 3600 etiam
541 3523 732 3598 secundum
750 3525 905 3598 literam:
937 3524 969 3593 u
996 3524 1019 3598 st
1046 3525 1130 3615 sint,
1157 3527 1286 3615 quibua

235 3632 325 3704 utile
338 3625 397 3717 [ης
423 3626 483 3698 vei
502 3621 668 3715 quemad
687 3617 794 3696 finem
813 3623 936 3694 tendat
953 3623 1027 3716 ejus
1046 3626 1198 3715 utilitas,
1225 3624 1287 3725 aut

234 3732 261 3805 ir
279 3726 407 3817 aliq-oid
421 3725 540 3796 utilius
557 3719 749 3819 figuraliter
764 3722 947 3794 indicetur.
998 3725 1108 3818 Igitur
1121 3738 1287 3822 repeten-

235 3846 291 3902 tes
309 3847 369 3917 ea,
397 3843 476 3914 qun
492 3843 537 3896 ex
555 3823 633 3918 lege
649 3823 861 3914 protulimus
879 3822 1098 3911 testimonie,
1126 3823 1290 3905 discutit,

238 3948 314 4006 tuus
337 3925 526 4020 attentius,
549 3935 667 4000 uuum
692 3939 740 3999 ue
755 3918 817 3999 ioli
832 3921 1035 4018 judaeorum
1050 3925 1148 4024 genti
1169 3923 1288 3996 videa·

1172 4034 1231 4098 tui
