2825 4559
154 353 226 447 50ss
313 285 603 434 onioourn
641 333 1065 431 comminutio·

140 507 290 590 l'salmo
309 515 451 588 videtur
465 511 687 609 assumptum,
702 535 815 609 parva
830 515 1082 594 immutatione
1098 513 1222 589 habita

124 702 126 708 Ι
152 635 230 702 non
244 612 383 705 sensui,
410 613 468 686 sed
487 613 702 692 sermonum.
731 615 784 686 lbi
800 617 894 688 enim
912 613 1000 688 dicit
1014 613 1221 708 Propheta:

154 717 323 811 Propterea
339 716 503 806 confitebor
517 717 575 785 rili
590 721 627 784 ln
646 714 819 807 Gentibrlr,
849 719 1004 804 Domine,
1029 713 1069 792 t&
1083 714 1220 808 psallum

152 817 278 884 remini
294 829 359 887 tue.
397 815 510 914 Quod
527 825 645 890 autem
662 815 730 892 alt:
760 818 933 885 Latomini
950 813 1068 887 Gentes
1083 839 1154 884 cum
1166 833 1222 908 pt·

151 913 226 1009 pulo
250 917 338 1010 ejus,
379 913 512 987 eisdem
540 915 659 987 verbis
693 916 730 987 iii
757 911 1037 990 Deuteronomii
1062 910 1220 992 einrico

151 1010 319 1105 scriptum
338 1011 398 1086 est.
446 1015 591 1084 Laudare
604 1035 696 1086 vcro
719 1017 891 1086 morinum
908 1038 1010 1085 omnir
1022 1029 1153 1107 genter,
1180 1013 1219 1088 ὅ

153 1116 351 1205 magnificate
364 1136 432 1183 eum
446 1137 548 1184 omnes
560 1116 693 1208 populi,
714 1115 751 1187 in
774 1114 968 1206 centesimo
991 1109 1095 1188 sexto
1126 1112 1220 1186 deci·

114 1295 117 1300 ,
152 1231 216 1287 mo
235 1212 370 1285 Psalmo
388 1213 538 1308 legitur:
564 1226 701 1288 tantum
724 1212 794 1304 est,
816 1213 976 1303 quodibi
994 1231 1063 1305 pro
1079 1217 1218 1308 Magni·
1297 1275 1300 1281 s

147 1313 264 1404 ficare,
293 1312 474 1383 collaudete
490 1311 643 1405 positum
661 1312 722 1386 est.
775 1309 950 1388 Ultimum
975 1329 1069 1384 vero
1097 1333 1218 1387 exem·

151 1413 251 1504 plum
269 1407 342 1503 ipse
358 1409 485 1484 Paulus
502 1412 546 1483 de
565 1397 663 1488 Esaia
682 1412 769 1485 dicit
789 1410 858 1485 elle
873 1409 1095 1507 assumptum,
1106 1413 1146 1485 iii
1160 1431 1218 1484 cu·

151 1505 208 1608 jue
224 1531 383 1604 corpore
401 1512 449 1582 ita
465 1508 632 1604 scriptum
648 1509 716 1586 est:
746 1513 792 1584 Et
814 1519 877 1583 eri'r
901 1516 937 1581 in
968 1512 1098 1582 die‘illa
1124 1513 1218 1582 radix
1283 1557 1286 1584 .

156 1608 266 1708 Jeffe3
292 1609 331 1684 ὅ
348 1615 404 1708 qul
418 1612 559 1704 exsurget
582 1635 680 1706 regere
700 1615 838 1694 Gentes,
864 1616 900 1680 in
921 1635 953 1681 eo
973 1613 1092 1698 Gentes
1113 1610 1215 1706 spero
1283 1657 1288 1712 l

152 1711 246 1788 burin
277 1711 403 1782 Et'err't
419 1719 539 1805 requies
556 1717 624 1806 ejus
640 1713 753 1785 bonor.
799 1709 937 1785 Omiffis
957 1724 1074 1782 autem
1091 1712 1131 1783 in
1150 1711 1219 1803 pti·
1285 1715 1287 1752 ²

150 1830 213 1885 ino
230 1811 371 1900 quidem
389 1810 530 1900 duobus
547 1808 788 1902 sermonibus,
808 1813 848 1908 ,id
866 1809 937 1900 est,
958 1813 996 1881 ln
1012 1812 1060 1879 dte
1075 1811 1159 1896 illa,·
1184 1809 1218 1883 dr
1285 1853 1287 1872 ι

151 1910 189 1982 in
210 1910 363 1996 ultimo,
391 1908 439 1982 Et
461 1916 525 1980 erit
549 1917 667 2007 requiei
690 1915 758 2007 ejus
780 1912 896 1996 hortor,
928 1923 1056 1983 caetere
1079 1909 1218 1985 eisdem
1285 1919 1288 1952 ¹

150 2010 274 2098 verbis
300 2005 437 2100 posuit,
465 2009 592 2097 quibus
612 2009 843 2104 Septuaginta
856 2010 1076 2100 interpretes
1097 2008 1218 2082 edide-
1285 1969 1288 2036 Ι

149 2123 246 2192 runt.
296 2106 405 2181 Unde
420 2103 609 2224 ‘selendum
635 2108 707 2199 est,
740 2110 838 2225 quod
864 2099 911 2183 int
928 2097 1094 2183 omibus
1123 2129 1217 2203 pene
1286 2113 1290 2228 ᾗ

150 2204 351 2301 Apostolus
374 2206 571 2282 editionem
592 2207 825 2325 Septuaginta
838 2206 1080 2324 Interpretuua
1102 2221 1217 2324 tenet,

151 2306 252 2382 nisisi
276 2325 344 2398 qua
367 2303 467 2380 sorte
489 2309 521 2379 ei
545 2327 648 2402 quani
668 2307 874 2399 exsequitur
900 2307 1081 2381 asl‘ertioni
1098 2327 1218 2380 minus
1289 2341 1291 2350 ·

151 2405 345 2508 necessaria
361 2407 553 2495 videntur,
570 2425 631 2479 aut
648 2407 670 2481 st
688 2409 830 2500 quando
844 2428 920 2481 non
936 2419 1008 2486 tam
1023 2401 1146 2479 verbis
1161 2407 1220 2480 In·

148 2519 371 2602 terpretum,
405 2526 508 2600 quam
534 2506 688 2581 sensibus
723 2505 913 2600 Scripturae
944 2508 998 2579 uti
1030 2506 1135 2578 velit·
1158 2505 1219 2579 sua

98 2658 103 2666 -
151 2607 408 2680 enuntiatione
420 2608 581 2696 prolatis.
623 2606 731 2681 Hunc
749 2619 867 2680 autem
885 2605 1084 2680 sermonem
1103 2605 1149 2678 de
1166 2625 1221 2679 ra·

152 2707 233 2781 dice
249 2704 340 2801 Jesle
366 2705 491 2780 melius
514 2706 654 2796 quidem
681 2706 717 2780 in
734 2707 989 2797 explanatione
1006 2705 1111 2796 ipsius
1129 2703 1218 2777 Pro·
1293 2725 1295 2784 :

151 2807 270 2900 phetae
285 2803 391 2880 Esaiae
408 2795 519 2876 visum
537 2803 586 2877 est
603 2803 729 2878 disseri.
782 2803 831 2877 Et
852 2805 888 2877 in
909 2803 1070 2896 presenti
1092 2819 1218 2878 tamen

151 2908 241 2978 loco
264 2893 424 2991 dicetur,
451 2906 619 2992 quoniam
642 2903 733 2998 Jeile
756 2904 1011 3000 interpretatur
1033 2904 1069 2975 in
1093 2901 1219 2978 nostra

150 3006 291 3097 lingua,
320 2998 382 3071 Est
398 3001 494 3073 mihi.
520 3002 561 3073 lii
578 3004 737 3076 adventu
753 3023 841 3102 ergo
861 3002 987 3076 Christi
1005 3003 1137 3093 omnis,
1155 3003 1219 3090 qui

149 3102 303 3176 credidit
320 3102 375 3191 ei,
403 3104 666 3180 convenienter
685 3102 793 3176 dixit:
821 3099 880 3174 Est
896 3103 993 3177 mihi.
1020 3102 1086 3174 Ille
1102 3101 1216 3182 enim,

149 3203 284 3293 dequo
301 3199 447 3296 Moyses
465 3201 573 3274 dixit:
599 3205 671 3295 Qui
685 3202 743 3295 est,
761 3204 842 3295 mifit
857 3225 904 3270 me
920 3204 958 3273 ad
972 3227 1046 3288 vos,
1072 3199 1146 3295 ipse
1163 3201 1218 3288 9st

145 3305 254 3392 milii,
279 3305 352 3375 linc
375 3299 446 3391 est,
472 3301 508 3375 ln
527 3297 639 3401 ipsum
658 3302 789 3395 eredo,
817 3302 876 3393 qui
897 3299 968 3392 eil,
993 3321 1071 3380 non
1090 3302 1214 3390 quiex

146 3405 261 3479 nihilo
285 3400 397 3475 sadlus
424 3400 493 3492 eil,
529 3417 569 3474 ut
592 3402 708 3493 impiis
733 3403 872 3495 placet,
905 3399 963 3473 sed
986 3403 1045 3493 qui
1075 3398 1149 3484 est,
1176 3399 1213 3474 dc

146 3502 285 3596 semper
303 3501 374 3594 est',
402 3500 527 3573 &hoc
546 3502 579 3573 ei
597 3521 732 3577 nomen
749 3499 817 3575 est:
846 3502 878 3571 dc
897 3498 1119 3592 ipse'est,qui
1139 3498 1212 3571 sui·-
1303 3537 1306 3556 ·-

145 3605 246 3675 rexit
263 3624 308 3674 ex
324 3601 444 3674 radice
462 3599 574 3695 Jeil'e,
608 3599 641 3673 di
671 3601 707 3674 ln
734 3598 809 3690 ipso
841 3600 980 3690 Gentes
1007 3597 1211 3692 sperabunt.

145 3691 305 3792 P‘ro'qua
323 3700 581 3793 misericordia,
609 3719 713 3794 quam
731 3702 774 3773 ab
792 3721 837 3771 eo
856 3698 1037 3773 consecuti
1054 3697 1146 3788 sunt,
1167 3713 1212 3774 ut

147 3804 197 3887 le,
224 3801 282 3893 qui
302 3799 436 3892 semper
452 3811 547 3891 erat,
574 3798 780 3876 nasceretur
796 3822 841 3872 ex
855 3800 974 3872 radice
990 3797 1080 3894 Jesle
1101 3799 1143 3870 ad
1161 3796 1212 3870 sa·

147 3903 265 3976 lutem
280 3899 457 3973 Gentibus
473 3899 637 3989 dandam,
657 3918 724 3991 pro
739 3900 985 3990 ltac,inquam,
998 3897 1059 3971 sibi
1075 3899 1209 3973 collata
1309 3875 1312 3912 ¹

144 3999 387 4086 misericordia
403 3998 541 4080 Gentes
559 3999 747 4078 honorant
760 3999 792 4075 u
806 3996 1034 4098 magnificant
1050 3997 1184 4166 Dgum.
1216 4067 1218 4072 ,
1309 4015 1313 4090 l

1022 4119 1062 4192 q.
1106 4122 1158 4168 eur
