2825 4559
217 311 292 405 3⁶⁶
383 299 677 382 onrouurs
715 273 1127 383 couuuuran
1153 244 1174 358 '.
1219 309 1229 322 ··

217 467 320 561 quod
336 468 558 564 loquitur‚in
572 462 720 543 Christo
734 466 912 557 loquitura
939 466 1038 558 quod
1053 469 1089 539 in
1105 462 1295 544 consciens

210 573 268 643 ¹tia
294 571 426 660 habet,
451 567 587 661 Spiritu
611 563 732 640 saneto
758 570 981 656 continetur.
1035 568 1128 661 Qui,
1155 567 1299 662 queso,-

216 670 322 759 coefi,
342 668 402 759 qui
420 667 565 756 throni,
584 685 662 757 quae
675 663 885 757 ampiiffimae
902 668 1077 740 virtutum
1094 666 1293 744 coelestiuna

215 785 358 844 mentes
384 783 457 843 tam
485 767 609 861 amplis
639 763 779 840 sedibus
812 778 927 840 totam
953 779 1130 859 poterunt
1160 787 1294 861 capere

167 899 174 929 t
216 865 465 941 Trinitatem?
491 870 675 960 Quoniam,
695 866 832 957 inquit,
860 866 994 962 tristitia
1010 866 1049 959 esi
1065 869 1148 934 mihi
1163 893 1293 959 magna,

214 969 258 1045 U
276 972 448 1038 continuus
466 968 550 1045 dolor
566 967 650 1036 cordi
665 988 741 1039 meo.
792 962 900 1056 Este,
933 958 1064 1039 habeas
1090 964 1292 1042 tristitiam:

131 1095 139 1134 r
217 1066 319 1157 esto,
345 1066 512 1140 dolorem
532 1066 651 1159 capias
669 1067 717 1152 de
729 1065 936 1157 perditione
955 1065 1104 1139 fratrum
1120 1080 1291 1157 tuorum,

113 1249 119 1256 ι
200 1161 274 1265 'qui
286 1168 367 1255 sunt
382 1172 508 1260 cognati
524 1166 691 1254 secundum
705 1189 852 1236 comem:
887 1164 1057 1256 numquid
1084 1165 1291 1261 eousque,

184 1299 187 1306 Δ
215 1280 261 1338 ut
274 1280 381 1363 optes
398 1265 586 1340 anathema
603 1260 690 1337 fieti
705 1285 724 1335 a
742 1262 885 1338 Christo
897 1260 934 1362 i‘
955 1264 1002 1336 Et
1020 1266 1103 1356 qnid
1121 1266 1185 1346 tibi
1204 1286 1291 1357 pro·

105 1447 108 1452 s
214 1365 294 1439 dest
313 1368 458 1440 illorum
473 1364 576 1456 salua,
592 1364 616 1438 s1
635 1378 675 1436 tu
691 1388 710 1435 a
726 1362 837 1438 salute
854 1361 1052 1458 separeris?
1078 1364 1112 1448 ,δι
1127 1366 1213 1455 quid
1230 1362 1292 1438 sal·
1324 1445 1329 1458 ,

216 1469 322 1540 vnbi's
340 1467 445 1558 alios,
461 1464 485 1539 sr
501 1461 574 1558 ipse
590 1459 744 1559 pereas?
769 1453 876 1551 Non,
903 1467 1042 1557 inquit,
1067 1465 1118 1537 ita
1134 1465 1201 1537 est:
1231 1466 1292 1538 sed
1316 1555 1318 1560 Ι

216 1584 288 1662 ego
305 1561 637 1659 didiciaMagistro
661 1563 696 1635 ia
712 1564 876 1637 Domino
892 1584 998 1655 meo,
1026 1567 1105 1655 quia
1131 1571 1190 1660 qui
1214 1568 1293 1638 aute

214 1671 360 1737 animam
372 1663 461 1750 suam
475 1664 599 1753 [calvam
612 1662 733 1754 facere,
758 1666 866 1757 perciet
879 1671 966 1734 aad:
993 1663 1031 1739 σ
1047 1670 1102 1758 qui
1112 1666 1291 1758 perdiderit

118 1824 122 1831 ,
214 1790 305 1845 anm,
330 1769 572 1852 inventuram.
627 1761 726 1859 Quid
752 1783 841 1858 ergo
867 1767 1015 1854 mirum,
1043 1762 1292 1857 srApostolua

214 1887 287 1962 pro
302 1864 470 1937 fratribus
487 1862 554 1938 suia
571 1864 759 1936 anathema
774 1860 850 1934 fieri
868 1866 975 1952 velit,
1004 1863 1063 1954 qui
1078 1862 1172 1949 ‘sciat
1191 1885 1291 1957 eum,

194 1967 278 2056 ·qui
297 1966 428 2036 eratin
446 1961 563 2038 forma
583 1962 675 2053 Dei,
701 1960 894 2047 exinaniffe
911 1960 945 2034 se
962 1961 1083 2054 daea,
1112 1981 1152 2035 ac
1179 1962 1294 2037 susce·

180 2121 189 2134 ,
214 2061 304 2159 piffe'
318 2063 471 2141 formam
486 2060 599 2148 servi,
626 2060 811 2137 &fatium
835 2058 904 2134 eise
923 2083 991 2153 pro
1013 2062 1121 2135 nobis
1143 2041 1291 2135 maledi·

218 2162 338 2253 tium?
367 2162 464 2262 Quid
480 2183 569 2258 ergo
584 2163 730 2246 mirum,
756 2161 780 2236 st
797 2182 876 2234 curn
895 2160 1075 2234 Dominus
1092 2182 1159 2253 pro
1175 2159 1290 2237 servia

105 2259 107 2266 '
213 2259 441 2342 maledittunr
460 2260 571 2334 iatius
588 2260 651 2351 sit,
678 2259 800 2334 servus
823 2281 890 2353 pro
910 2256 1077 2333 fratribus
1099 2262 1289 2337 anathema

212 2359 305 2438 fiat?
332 2365 416 2433 Hoc
432 2377 552 2436 autem
569 2364 725 2434 arbitror
744 2361 835 2451 effe,
862 2360 960 2451 quod
976 2361 1008 2431 ἂ
1026 2353 1188 2450 Moyses,
1206 2382 1288 2436 cum

212 2460 394 2560 peccasset
410 2464 588 2555 populus,
615 2461 759 2535 dicebat
775 2463 818 2534 ad
835 2460 1053 2535 Dominum:
1084 2461 1130 2531 Er
1151 2486 1242 2531 nunc
1261 2462 1288 2555 ss

212 2567 340 2664 quidem
359 2568 498 2648 remittis
514 2568 557 2632 eis
570 2578 748 2657 peccatum,
775 2566 922 2631 remitte:
938 2561 994 2653 fin
1015 2576 1137 2643 autem,
1164 2562 1228 2631 dele
1241 2587 1289 2632 me

211 2671 253 2737 tte
268 2666 349 2735 libro
362 2668 547 2760 vita-quem
556 2657 710 2756 scripfisii.
739 2661 837 2756 Quid
852 2659 968 2754 ergo?
993 2660 1210 2734 Inferiorem
1232 2666 1286 2736 via

213 2761 351 2855 Moyse
365 2762 513 2836 Paulum
529 2759 671 2835 videri?
698 2759 763 2833 Ille
778 2759 813 2832 se
825 2760 938 2834 aeleri
954 2764 1045 2851 petit
1057 2759 1107 2831 .de
1122 2760 1217 2831 libro
1235 2763 1289 2833 vi·

214 2876 263 2935 tae
284 2882 352 2956 pro
370 2862 536 2934 fratribus
556 2856 642 2933 suis:
676 2858 806 2934 Paulus
830 2878 908 2934 non
927 2860 1039 2931 debet
1060 2873 1188 2949 optare
1206 2880 1288 2934 ana·

213 2962 338 3035 therua
359 2957 431 3032 esse
454 2979 524 3050 pro
540 2958 709 3032 fratribus
727 2955 820 3032 suis?
871 2959 941 3030 Sed
954 2956 1100 3032 fontalia
1117 2959 1212 3031 dicat
1229 2961 1291 3033 ali·

215 3063 317 3156 quis„
344 3060 425 3150 quia
439 3056 590 3150 Moyses
607 3058 680 3130 hoc
697 3055 874 3143 offerens,
897 3056 1198 3149 salut'emoopulo
1214 3082 1296 3148 rue·¹

197 3161 287 3236 'ruit
306 3161 515 3251 impetrare:
541 3156 669 3232 Paulus
689 3176 782 3230 vero
807 3170 913 3252 optat
934 3157 1182 3248 quidem‚·sed
1206 3179 1286 3235 non

154 3287 158 3294 ·
212 3257 266 3337 est
285 3260 438 3335 auditus.
472 3258 570 3357 Quid
590 3254 614 3331 sr
630 3255 814 3332 ostendam
830 3257 917 3348 tibi,
943 3258 1050 3352 magis
1065 3255 1209 3332 Paulum
1226 3280 1286 3330 au·

211 3363 327 3437 ditum
343 3354 532 3449 essequam
549 3353 734 3449 Moysen?
771 3355 908 3441 Omnes
924 3358 1020 3430 eninr
1038 3357 1111 3449 iiii,
1139 3361 1199 3448 qui
1218 3376 1284 3451 per

108 3495 118 3501 ·
209 3455 370 3553 Moysen
387 3460 550 3532 exierant
564 3458 609 3531 de
623 3453 809 3553 AEgypto‚
835 3456 1046 3529 ceciderunt
1066 3458 1102 3529 in
1124 3456 1281 3533 deserto.

209 3557 350 3637 Posteri
369 3577 462 3633 vero
479 3577 626 3649 eorum,
655 3560 714 3648 qui
732 3571 864 3631 terram
881 3553 1160 3651 repromisfionia
1181 3577 1284 3632 acce·-

208 3676 365 3756 perunt‚
391 3657 497 3732 etiam
514 3675 611 3734 nunc
626 3672 802 3751 vagantur
825 3660 869 3729 ab
887 3678 928 3729 ea
943 3654 1080 3731 exsules
1102 3656 1134 3729 δι
1158 3670 1282 3730 extor-

209 3778 279 3834 res.
330 3759 459 3831 Paulus
478 3777 569 3830 vero
585 3755 666 3829 audi
683 3757 767 3847 quid
783 3756 880 3830 dicat
897 3755 942 3828 de
958 3754 1074 3830 Israel.
1102 3760 1186 3829 Nau
1209 3785 1281 3849 vos,

210 3859 347 3951 inquit,
375 3863 539 3951 ignorare,
559 3855 703 3948 fratres,
730 3856 995 3951 myfflrrinmlaoc,
1020 3861 1096 3951 quia'
1111 3865 1281 3931 recitatur

207 3977 302 4058 parte
318 3955 429 4051 Israeli
440 3958 593 4068 contigit,
617 3959 711 4038 burc
723 3958 1054 4058 planitudtGum'um
1064 3958 1280 4137 subintraret.
