2825 4559
253 308 320 388 1n
343 297 624 423 serenan
648 301 881 383 Roman,
905 267 1008 383 tin.
1029 304 1085 383 v.
1135 324 1206 400 255
1286 253 1288 258 ’

131 468 418 560 inchristoest,
441 465 587 560 sedeo,
614 465 939 565 quodinlegeest.
985 468 1206 563 ltaenimdt
1263 547 1265 554 ,

134 575 211 675 ipse
226 576 276 649 ait
288 574 332 646 ad
347 568 540 665 Joannem:
558 572 648 640 ‘Sirra
662 568 766 638 modos
781 569 825 662 fic
837 574 922 638 enim
935 571 1018 639 decet
1033 593 1090 639 nus
1106 573 1206 638 adim·
1230 655 1232 665 Ι
1322 574 1324 580 ’

133 682 219 778 plere
236 698 352 745 omnam
364 670 534 768 justitium.
584 668 624 741 ln
642 671 723 758 ,quo'
747 666 924 760 ostendit,
952 668 1052 761 quod
1074 668 1206 761 baptis·

134 774 371 870 musJoannis
384 769 546 862 expletio
562 783 640 840 erat
652 783 917 848 veterummon
933 769 1122 842 inchoatio
1139 789 1207 843 no·

136 896 280 954 vorum.
333 870 501 961 Denique
524 865 680 940 refertur
693 871 740 940 in
758 865 908 941 Artibus
925 870 1205 961 Apostolorum,

137 962 393 1071 quodquidam
409 991 454 1042 ex
472 964 668 1061 discipulis,
696 968 756 1058 qui
771 966 946 1061 baptismo
962 968 1113 1061 joannis
1128 969 1205 1044 fue·

135 1091 218 1150 rant
230 1072 415 1164 baptizati,
428 1068 692 1162 Apostolorum
707 1067 883 1170 sententia
896 1070 1111 1164 rebaptizati
1125 1068 1206 1143 sunt

135 1179 174 1251 in
192 1175 339 1249 nomine
356 1170 504 1243 Domini
521 1166 613 1262 Jesu.
664 1171 863 1263 Quicumque
878 1186 966 1263 ergo
982 1170 1144 1263 baptizari
1152 1170 1207 1255 su.

136 1302 205 1349 mus
223 1283 259 1342 in
278 1270 400 1366 Christo
420 1271 521 1364 Jesu,
548 1273 585 1337 in
601 1276 697 1337 murti
713 1268 804 1362 ipfius
818 1270 979 1363 baptizari
995 1269 1110 1351 sumus.
1135 1267 1207 1343 Re·

137 1375 255 1469 quiras
275 1369 426 1445 fortassis
445 1368 553 1442 etiam
569 1368 666 1455 hoc,
692 1366 810 1457 quod,
837 1385 919 1440 curn
936 1364 1008 1459 ipse
1024 1368 1206 1444 Dominus

137 1474 269 1549 dixerit
284 1470 328 1543 ad
344 1466 556 1562 discipulos,
582 1481 623 1537 ut
638 1467 864 1560 baptizarent
880 1487 1008 1539 omnes
1023 1482 1150 1564 gentes
1168 1473 1207 1544 in

135 1575 285 1649 nomine
311 1567 447 1654 Patris,
475 1568 507 1640 ἃ
532 1564 632 1657 Filii,
659 1564 694 1638 dr
721 1567 871 1658 Spiritus
897 1564 1022 1659 saneti,
1050 1588 1121 1641 cur
1146 1569 1208 1643 hic

138 1671 338 1766 Apostolus
355 1666 462 1741 solius
481 1663 607 1739 Christi
623 1666 659 1737 in
675 1664 853 1759 baptismo
868 1687 1004 1739 nornen
1024 1666 1208 1763 assumpse-

114 1783 117 1788 “
139 1776 206 1863 rit,
225 1770 375 1844 ¹dicens:¹
396 1771 588 1862 Quicumque
603 1764 763 1859 baptizari
773 1766 880 1853 sumus
897 1772 934 1837 in
956 1769 1095 1863 Christo,
1124 1789 1206 1844 curn
1300 1781 1305 1794 '

139 1876 265 1962 utique
280 1889 358 1942 non
374 1868 547 1940 habeatur
562 1865 757 1960 legitimum
774 1866 964 1959 baptisma,
982 1868 1043 1941 nisi
1061 1866 1126 1942 sub
1142 1889 1209 1943 no·

137 1968 453 2063 minesrinitatis.
489 1964 558 2037 Sed
575 1968 715 2038 intuere
732 1969 957 2059 prudentiam
970 1965 1097 2060 Pauli,
1118 1989 1208 2059 quu-

136 2075 233 2145 niam
248 2068 390 2161 quidem
407 2067 444 2137 in
460 2061 622 2158 praesenti
639 2066 727 2136 loco
741 2087 818 2139 non
832 2081 905 2139 tam
923 2063 1140 2159 baptismatis
1156 2090 1210 2142 ra·

137 2175 300 2259 tionem,
327 2187 431 2255 quam
449 2168 579 2237 mortis
595 2161 725 2238 Christi
749 2164 923 2240 discutere
948 2169 1136 2259 cupiebat,
1164 2171 1209 2242 ad
1321 2241 1324 2248 ,

141 2271 242 2362 cujus
264 2264 525 2354 similitudinem
546 2265 651 2338 etiam
674 2286 744 2338 nos
769 2267 931 2340 suaderet
954 2268 1046 2341 mori
1073 2268 1208 2343 debere

139 2384 318 2464 peccato,
343 2362 607 2456 &consepeliri
625 2362 778 2440 Christo.
829 2363 879 2438 Et
891 2387 969 2440 nou
989 2380 1065 2438 erat
1083 2369 1210 2460 utique

140 2469 386 2557 conveniens,
413 2479 476 2553 ut,
503 2465 565 2535 ubi
587 2464 633 2536 de
654 2478 776 2537 morte
797 2464 960 2558 dicebat,
985 2468 1048 2539 vel
1068 2465 1210 2543 Patrem

139 2568 374 2657 nominaret,
393 2566 453 2636 vel
467 2561 637 2655 Spiritum
650 2561 818 2638 santium.
874 2563 1013 2638 Verlusn
1028 2569 1123 2642 enim
1140 2593 1211 2641 caro

135 2668 264 2763 duflum
281 2666 339 2761 esi,
368 2663 569 2753 &merit0,
595 2663 658 2735 ubi
673 2684 759 2735 caro
778 2662 849 2756 est,
877 2664 988 2739 ibide
1006 2680 1125 2741 morte
1142 2685 1212 2744 tra·

142 2767 267 2841 uatus.
295 2762 661 2852 Necconveniehat,
688 2775 729 2834 ut
746 2763 904 2838 diceret:
930 2769 1127 2863 Quicumque
1138 2771 1212 2866 lap·

141 2866 360 2954 sizarisumus
377 2864 577 2935 innomine
591 2858 728 2953 Patris,
752 2864 816 2937 vel
838 2866 1040 2939 innomine
1057 2867 1210 2959 Spiritus
1290 2931 1296 2946 .

140 2961 267 3052 santii,
295 2968 331 3034 in
347 2979 442 3034 morte
457 2963 546 3054 ipfius
563 2964 723 3057 baptizati
733 2968 854 3051 sumus.
892 2963 1002 3039 Unde
1016 2965 1211 3043 observan·

143 3073 189 3141 da
204 3063 254 3138 est
270 3085 314 3137 ex
329 3062 504 3135 hocloco
521 3062 627 3136 etiam
649 3064 686 3135 in
702 3064 842 3137 caeteris
866 3066 1092 3138 consuetudo
1110 3068 1212 3162 Apo·

142 3166 243 3252 stoli,
270 3163 368 3257 quod
385 3182 462 3234 non
479 3155 628 3255 semper,
651 3182 731 3236 cum
750 3165 881 3255 aliquid
895 3186 940 3237 ex
958 3165 1149 3255 scripturis
1164 3166 1212 3243 as·

142 3266 270 3356 sumit,
294 3266 473 3359 integrum
493 3275 634 3336 textum
652 3264 874 3356 verborum,
902 3276 943 3336 ut
968 3265 1004 3336 in
1031 3263 1095 3337 suo
1121 3268 1211 3342 loco

140 3365 280 3462 positus
299 3361 367 3443 est,
395 3359 552 3450 assumit3
579 3360 638 3434 sed
665 3384 707 3433 ea
733 3377 893 3457 tantum,
921 3381 1000 3454 quae
1025 3361 1210 3456 praesentls

143 3463 254 3539 causae
279 3462 428 3553 requirit
455 3458 630 3552 assertio,
645 3462 734 3533 ficut
750 3463 782 3532 dr
798 3464 834 3535 in
856 3463 1017 3555 presenti
1035 3458 1211 3552 sermone,

142 3569 224 3657 quia
241 3564 285 3646 de
301 3575 428 3654 morte,
438 3555 565 3632 Christi
583 3561 717 3633 docere
733 3564 921 3655 cupiebas,
939 3559 1090 3637 suffecit
1110 3565 1143 3640 ei
1163 3567 1214 3640 di·

144 3685 246 3737 cere:
274 3667 472 3757 Quicumque
486 3661 647 3753 baptizari
658 3663 765 3747 sumus
783 3665 820 3731 in
839 3664 981 3758 Christo,
1002 3670 1039 3733 in
1054 3679 1152 3737 mam
1165 3674 1212 3761 ip.

142 3769 206 3860 fies
220 3762 510 3859 immansurum.
547 3757 639 3831 Mihi
657 3777 749 3832 uero
764 3777 810 3833 ne
827 3761 914 3833 illud
931 3764 1073 3853 quidem
1092 3767 1212 3840 otiose

141 3859 342 3960 praemisisse
366 3862 402 3933 in
427 3861 501 3931 hoe
517 3860 685 3960 *capitulo
704 3858 848 3933 videtur
866 3861 1084 3955 Apostolus,
1110 3868 1212 3957 quod

141 3964 250 4038 dicit:
278 3956 502 4049 Annesdris!
526 3957 706 4054 Perquud
722 3956 898 4045 ostendit,
924 3964 1005 4054 quia
1020 3978 1119 4052 tunc,
1135 3965 1211 4037 hoe
1319 3963 1322 3968 '

268 4099 302 4108 ··
368 4092 371 4096 ·
1103 4060 1183 4152 eh,
