2825 4559
157 247 266 428 μζ
323 260 609 408 euresius
649 236 1056 394 corruiturus.

160 460 320 566 dsgogus
336 467 386 546 est
401 470 523 546 timor.
548 466 658 562 Unde
673 470 706 544 u
723 467 920 562 Apostolus
935 472 980 544 de
998 471 1059 544 teli
1074 468 1235 563 parvulo

162 569 268 654 digiti
285 641 289 646 ,
294 569 455 666 Quamdiu
479 569 578 642 bam
598 571 750 667 paruulus
775 571 835 670 ‘fit
854 572 945 642 irihii
960 571 1072 668 differt
1087 568 1235 660 useruo,

161 669 285 764 rumnfit
303 674 444 762 domiuus
460 675 619 742 emnium:
646 671 701 761 sed
714 670 1004 762 fuisniacum&
1019 672 1236 769 procuraturi·

160 770 217 843 ius
241 770 282 870 est
306 770 460 869 usquead
481 771 676 868 praeflrritum
701 787 820 867 tempus
845 788 995 869 epatre:
1029 777 1078 842 its
1100 771 1139 851 (J
1161 793 1246 855 uos,¹

163 867 233 970 cum
253 871 376 968 effessius
393 871 600 968 paruulum
617 872 775 944 elementis
792 875 1014 971 hujusmundi
1030 873 1236 958 erastusler·

162 974 303 1050 uieiues.
351 970 490 1064 Vides,
516 968 707 1047 secundum
730 971 930 1049 concedam
951 972 1015 1048 fibi
1037 969 1162 1046 aDeo
1185 967 1235 1042 sa-

163 1072 338 1168 pientiam
365 1068 493 1147 Ptulus
518 1071 705 1163 quomodo
722 1068 883 1166 spiritus,
912 1076 971 1169 qui
989 1072 1116 1146 dantur
1133 1069 1172 1141 in
1190 1069 1236 1141 ti·

164 1190 300 1262 ιιιρεε,Ι
317 1171 375 1244 hic
404 1183 546 1246 tutores
571 1172 806 1265 parvulorum
834 1193 875 1245 sc
896 1186 1153 1266 procuratores
1174 1188 1236 1262 ap·

164 1270 381 1370 pellaverit,
409 1269 468 1362 qui
496 1290 786 1364 unumquemque
812 1269 992 1365 nostrum,
1018 1270 1139 1343 donec
1154 1286 1237 1361 par·

163 1370 276 1458 sulus
301 1367 374 1462 est,
403 1369 596 1448 secundum
614 1371 824 1446 interiorem
845 1372 1029 1446 hominem
1048 1370 1087 1446 in
1105 1368 1240 1442 timore

165 1466 387 1558 custodiam,
414 1466 666 1562 usquequosd
686 1471 722 1547 id
743 1472 856 1545 aetatis
877 1472 1022 1563 veniat,
1050 1487 1122 1560 quo
1140 1466 1239 1560 t'piri·

167 1582 247 1643 uun
260 1567 469 1664 ¹adoptionis
485 1566 642 1650 filiorum
658 1569 838 1646 mereatur
854 1574 1040 1665 accipere,
1059 1565 1150 1640 &fit
1162 1565 1239 1658 jam

167 1661 264 1742 fliius
286 1688 327 1744 ec
347 1668 512 1744 dominus
530 1670 704 1745 omnium.
758 1677 875 1743 Omnia
891 1675 995 1756 enim,
1021 1668 1156 1760 inquit,
1172 1690 1241 1736 ue.

197 1767 341 1856 rasum,
368 1767 402 1844 δι
424 1771 504 1854 eum
525 1767 667 1844 Christo
689 1771 796 1844 nobis
810 1772 909 1847 Deus
931 1771 1053 1845 omnis
1071 1765 1239 1840 donavit.

161 1767 257 1956 {loc
273 1888 361 1963 ergo
379 1865 452 1962 est,
480 1869 578 1960 quod
598 1871 709 1944 docet
726 1870 878 1962 Paulus,
905 1872 986 1962 quia
1007 1864 1241 1962 posteaquam

168 1967 391 2070 cemmostui
411 1965 527 2058 sumus
545 1965 710 2059 Christo,
739 1969 940 2065 &Spiritus
964 1970 1039 2059 ejus
1058 1963 1169 2041 faetus
1189 1963 1242 2040 est

168 2065 361 2157 innubis,
392 2087 469 2140 non
491 2069 620 2141 iterum
644 2066 805 2164 spiritum
831 2070 1013 2143 servitutis
1036 2067 1242 2155 accepimus

167 2166 208 2260 iu
226 2167 379 2253 timore,
405 2166 479 2239 hoc
497 2165 568 2258 est,
595 2188 671 2244 non
692 2166 811 2244 rursus
837 2171 976 2263 parvuli
1005 2167 1038 2237 dr
1059 2166 1161 2238 initia
1181 2164 1242 2238 ha·

170 2265 301 2362 beutes
320 2263 439 2338 effeiii
458 2264 598 2358 sumus,
624 2266 682 2340 sed
701 2268 795 2359 quafi
810 2267 957 2361 perfetii
977 2266 1082 2340 semel
1097 2264 1166 2354 iam
1186 2284 1243 2336 ac-

171 2355 336 2466 e‘epimus
357 2362 515 2458 spiritum
532 2366 765 2461 adoptionis,
790 2374 826 2444 in
843 2395 900 2467 quo
919 2367 1041 2462 spiritu
1055 2365 1241 2436 clamamus:

170 2462 261 2562 Adia
283 2465 389 2541 i’araer.
440 2465 571 2559 Neque
591 2469 687 2542 enim
706 2483 843 2562 patrem
863 2470 950 2540 eiius
970 2468 1047 2557 quis
1067 2461 1129 2537 nid
1148 2461 1243 2536 filius

171 2565 302 2642 uocat.
327 2566 439 2667 Quod
458 2587 550 2652 vero
569 2568 821 2664 addit‚1Aiba,
848 2568 970 2662 patrie
988 2569 1115 2658 lingue
1131 2583 1242 2635 voce·

171 2663 263 2737 bulo
282 2664 430 2756 idipsum
449 2667 621 2750 iteravit,
646 2667 748 2739 velut
766 2668 790 2741 s1
810 2666 968 2740 dixiiiet:
995 2663 1244 2755 Petempater,

249 2783 283 2856 3.
312 2767 376 2857 ipse
401 2772 485 2836 euim
512 2771 659 2860 Spiritus
688 2768 895 2862 testimonium
923 2767 1024 2836 reddit
1035 2765 1172 2859 spiritui
1188 2787 1247 2833 nu·

168 2861 253 2962 siro:
279 2865 356 2957 quud
370 2863 564 2956 sumus'fliri
586 2871 659 2938 Dei.
686 2869 726 2936 Si
742 2884 847 2939 sutem
858 2869 930 2957 filii
945 2870 982 2941 di
1001 2864 1156 2950 lraer'sdss5
1183 2865 1247 2934 ie-

174 2962 261 3032 redes
277 2965 398 3056 quidem
420 2964 501 3050 Dei,
526 2965 692 3038 coheredes
709 2984 814 3040 autem
834 2968 972 3062 chrisis.-
991 2966 1019 3058 β
1039 2982 1145 3036 tamen
1166 2987 1247 3033 com.

171 3064 334 3155 patimur,
363 3080 399 3130 ut
415 3057 453 3138 (Ἰ
470 3064 741 3156 conglorificemur.
777 3065 854 3160 lpse
872 3086 960 3161 ergo
978 3063 1117 3157 spiritus
1134 3062 1246 3155 adop·

172 3159 307 3250 tionis,
334 3181 397 3252 per
413 3182 518 3252 quem
534 3165 569 3237 in
588 3161 698 3238 filium
716 3166 793 3257 quis
810 3167 1026 3261 adoptatur,
1053 3162 1170 3237 reddit
1194 3176 1248 3237 te·

174 3255 400 3348 stimonium,
428 3260 460 3336 u
483 3259 676 3336 confirmat
699 3263 857 3356 spiritum
876 3264 1060 3358 nostrum,
1087 3262 1168 3353 quia
1194 3260 1247 3334 su·

173 3378 254 3432 mus
273 3356 335 3432 iiiii
353 3358 443 3454 Dei,
470 3359 700 3456 posteaquam
717 3364 871 3459 sipiritu
886 3362 1067 3440 servitutis
1086 3364 1122 3438 in
1138 3361 1251 3454 adop·

172 3460 285 3534 tionis
303 3458 462 3552 spiritum
478 3464 708 3555 venerimus,
735 3484 815 3550 cum
832 3467 902 3557 jam
921 3464 1008 3539 nihil
1031 3459 1121 3538 inest
1142 3462 1251 3534 timo.

172 3559 243 3652 ris,
270 3558 307 3630 id
331 3558 404 3653 est,
429 3560 518 3636 nihii
536 3577 687 3655 propter
703 3577 837 3640 metum
856 3585 968 3657 poenae
986 3566 1161 3658 gerimus,
1188 3560 1249 3640 sed

172 3670 329 3752 propter
346 3680 503 3740 amorem
520 3666 631 3756 petris
653 3662 778 3738 cuneta
797 3660 1011 3757 perficimus.
1063 3659 1162 3734 Bene
1190 3682 1250 3732 su·

173 3759 508 3851 remismundus,
535 3760 595 3833 sed
612 3758 769 3853 spiritui,
796 3767 854 3855 qui
881 3763 1009 3837 melior
1034 3764 1071 3838 itr
1098 3761 1249 3836 homine

131 3903 135 3912 ·
170 3874 254 3946 pars
280 3856 350 3948 est,
383 3860 513 3933 dicitur
537 3860 691 3935 reddere
718 3861 959 3936 testimonium
985 3860 1136 3953 Spiritus
1164 3858 1250 3944 Dei.

128 3971 130 3980 ·
169 3949 299 4034 Potest
317 3971 436 4036 eutem
454 3959 497 4036 ad
514 3956 769 4041 discretionem
787 3983 935 4058 eorum,
962 3963 1022 4060 qui
1040 3960 1164 4075 spiritu
1182 3958 1249 4035 ser·

563 4081 580 4110 ⁹
1093 4071 1191 4135 urtu-
