2825 4559
230 306 296 384 rm
322 304 496 385 nersr.
524 306 602 384 an
628 303 861 384 nonam.
889 302 1202 421 tr·n.1x.,h45r

132 471 279 569 gratiam
304 487 481 546 mereatur
506 471 693 563 accipere,
720 467 897 544 lisantlua
915 469 1065 562 Spiritus
1082 470 1202 545 futura
1254 479 1256 484 '

133 570 353 666 prospiciens
376 571 547 664 expedire
564 570 754 663 accipienti
773 590 848 644 non
860 571 1021 664 iudicet,
1048 569 1203 645 netella-
1287 648 1293 666 ,

133 677 188 745 rio
203 671 341 743 dividat
357 673 680 764 unicuique-prout
700 671 780 743 vult
798 671 831 742 &
851 670 1007 762 expedit.
1035 670 1201 762 Denique

132 772 331 844 nonnullos
359 771 521 846 videmus
554 768 727 863 accepill'e
759 769 907 866 gratiam
940 767 1202 844 dourrievet
1241 825 1244 832 -

133 872 400 944 exhortationis
418 871 460 942 ad
477 871 640 963 plebem,
668 868 701 940 dr
717 890 762 943 ex
780 870 854 942 hoc
870 868 946 963 ipso
962 871 1077 944 elatos
1092 883 1201 963 atque

109 972 168 1043 *in
195 967 391 1064 superbiam
420 968 544 1043 versos
575 972 611 1042 in
646 966 1005 1059 judiciumincidilse
1033 968 1198 1042 Diaboli:

134 1071 224 1142 alioa
241 1068 416 1162 accepilie
431 1068 573 1160 quidem
591 1070 761 1163 gratiam,
784 1067 842 1142 sed
857 1071 1073 1165 negligentia
1091 1069 1199 1144 animi

134 1170 271 1242 &vite
290 1170 417 1242 desidia
436 1162 647 1262 corrupisse:
674 1169 770 1242 unde
790 1183 886 1242 artat
901 1170 934 1240 dr
951 1170 1033 1261 ille,
1061 1170 1118 1259 qui
1141 1190 1200 1243 ac·

133 1284 277 1364 ceptum
298 1271 479 1344 denarium
505 1270 543 1342 in
565 1267 705 1342 sudario
731 1269 940 1365 colligavit,
967 1288 1036 1342 nec
1056 1270 1199 1361 operari

131 1391 176 1442 ex
192 1390 240 1441 eo
257 1369 387 1460 aliquid
404 1369 535 1442 voluit.
562 1368 760 1461 Propterea
775 1369 932 1459 denique
947 1367 980 1439 dt
996 1366 1198 1461 Apostolus

131 1468 252 1542 scribit
269 1468 312 1540 ad
329 1469 559 1542 cbarillimum
575 1468 637 1542 srbi
652 1465 763 1542 lilium
782 1469 924 1542 dicens:
952 1471 1033 1539 Noli
1046 1469 1198 1562 negligere

128 1574 354 1664 gratiamque
380 1575 417 1637 in
440 1586 472 1639 re
496 1568 554 1663 ess:
579 1583 746 1659 tanquam
766 1566 900 1661 sciens,
927 1565 1029 1660 polle
1048 1570 1198 1664 gratiam

131 1689 195 1760 per
211 1670 462 1764 negligentiam
477 1668 653 1762 deperire.
681 1669 794 1762 Quod
813 1663 931 1750 autem
947 1666 1058 1758 dixit,
1078 1673 1199 1740 Secun-

131 1772 205 1839 dum
221 1776 374 1856 rationem
392 1769 452 1842 vel
468 1766 642 1860 munsterum
651 1770 745 1857 fidei,
773 1782 864 1860 puto
878 1769 949 1859 jam
968 1769 1075 1859 plene
1092 1769 1129 1840 in
1144 1765 1199 1842 su·
1295 1847 1298 1854 ,

122 1869 334 1961 -perioribus
351 1867 574 1960 expositum,
603 1890 679 1960 quae
702 1866 748 1941 'lit
771 1865 861 1942 fides
887 1888 963 1957 quae
982 1887 1000 1938 a
1017 1869 1123 1939 nobis
1143 1885 1199 1941 re·
1269 1875 1274 1884 “

132 1970 313 2064 quiratur,
341 1967 468 2060 diquae
488 1968 529 2042 srt
549 1988 626 2059 quae
644 1975 669 2040 a·
683 1966 765 2041 Deo
787 1968 1009 2061 pergratiam
1026 1968 1133 2056 datur·
1149 1966 1200 2040 se-

131 2068 286 2144 cundum
308 2067 382 2142 boc
398 2068 495 2159 quod
511 2068 605 2142 idem
621 2066 822 2159 Apostolus
842 2067 948 2140 dicit:
977 2068 1049 2137 Alii
1058 2070 1140 2156 fides
1160 2074 1199 2138 in

128 2173 227 2239 eodem
248 2172 397 2264 Spiritu.-
425 2168 582 2259 britani,
608 2168 668 2240 ubi
688 2165 856 2259 Apostoli
874 2168 916 2238 ad
936 2165 1130 2241 Dominum
1147 2168 1199 2239 di·

130 2282 236 2341 cunt:
266 2272 349 2359 Auge
364 2268 454 2338 nolis
467 2270 581 2357 fidem:
609 2266 707 2357 quod
725 2264 814 2339 lidea
832 2267 997 2359 quidem,
1025 2287 1103 2359 quae
1123 2267 1199 2361 spe·

128 2380 186 2439 ret
203 2366 396 2456 decredat,
414 2367 447 2438 dt
467 2370 600 2458 absque
616 2368 686 2438 ulla
704 2365 933 2439 dubitatione
948 2363 1133 2459 confidat,
1160 2370 1199 2441 in

130 2467 239 2540 nobis
257 2464 327 2538 est:
354 2468 448 2539 ratio
463 2486 555 2540 vero
570 2461 655 2537 fidei
673 2464 802 2558 ipsius,
830 2463 1043 2552 nescientia,
1072 2466 1104 2539 &
1120 2488 1200 2559 per·

132 2564 245 2639 fedlue
271 2585 399 2638 eorum
429 2586 507 2655 quae
531 2565 709 2652 credimus
735 2563 962 2656 intelleilua.‚
997 2566 1192 2650 donatura

131 2666 228 2739 Deo.
272 2664 342 2736 Sed
360 2663 393 2736 dt
409 2664 496 2739 illud
512 2669 550 2737 in
568 2667 655 2737 loco
675 2664 999 2757 annominemus,
1027 2665 1125 2755 quod
1143 2667 1199 2737 vi·

130 2767 237 2838 detur
263 2758 466 2846 secretioris
494 2762 564 2839 elle
589 2763 758 2862 mysterii.
810 2762 957 2836 Sienim
980 2763 1198 2856 inpraesenti

130 2863 265 2938 saeculo
277 2866 338 2936 dat
354 2864 456 2937 Deus
471 2865 665 2954 unicuique
678 2864 828 2958 gratiam
840 2864 1004 2951 piundum
1021 2867 1197 2951 mensuram

125 2970 223 3058 fidei,
250 2966 322 3040 stne
342 2964 454 3037 dubio
475 2965 508 3036 dr
528 2965 564 3036 in
579 2962 703 3035 futuro
722 2963 821 3036 dabit
842 2965 1034 3054 unicuique
1050 2967 1197 3057 gratiam
1303 3019 1306 3026 -

133 3087 202 3157 pro
217 3064 377 3139 mensura
393 3067 623 3139 meritorum:
653 3062 686 3135 dt
703 3061 727 3135 fi
742 3066 779 3136 in
796 3062 958 3157 praesenti
975 3062 1102 3136 seculo
1119 3065 1199 3139 talia

135 3162 188 3246 est
212 3164 283 3238 Dei
310 3163 551 3258 dispensatio,
594 3163 732 3236 &talis
760 3163 829 3235 erit
854 3164 961 3235 etiam
987 3164 1023 3234 in
1049 3162 1198 3254 futur03
1254 3182 1261 3194 ¹·

135 3264 323 3357 quomodo
348 3285 423 3338 non
448 3263 482 3335 dr
507 3266 542 3336 in
560 3263 751 3355 preteritis
769 3260 927 3354 seculis,
955 3261 1031 3352 quae
1054 3262 1201 3338 fuerunt

135 3379 218 3438 ante
236 3385 326 3449 nos,
352 3362 467 3436 similis
493 3362 560 3435 Dei
585 3360 798 3455 dispensatio
824 3381 908 3458 erga
929 3381 1074 3437 ornnem
1089 3364 1201 3436 ratio·

133 3465 287 3538 nabilem
306 3460 623 3536 creaturamsuille
642 3460 838 3534 credetur?
890 3461 959 3534 Sed
982 3462 1053 3552 J'am
1079 3463 1202 3536 videa·
1255 3479 1265 3506 ⁸

133 3584 229 3654 mus,
245 3584 322 3653 quae
341 3561 531 3652 sardoma,
548 3582 626 3653 quae
643 3572 830 3632 enumerat
846 3558 1037 3635 seeundum
1053 3570 1202 3656 gratiam

136 3663 228 3737 data.
256 3662 467 3754 Prophetia,
493 3659 633 3751 inquit,
661 3659 955 3749 &ministerium
976 3660 1214 3755 dudoilrina,=

135 3763 171 3840 ,dt
196 3763 423 3852 exhortatio,
456 3761 666 3834 &tributio
698 3756 801 3850 (hoc
825 3757 899 3850 est,
928 3757 1133 3855 praestatio)
1168 3762 1203 3834 dt

139 3859 304 3955 praesse,
331 3858 546 3936 &misereri
573 3857 637 3932 His
653 3857 772 3952 jungit
791 3860 824 3929 dt
842 3860 1070 3950 charitatem,
1090 3861 1203 3933 &ce-

138 3976 229 4038 teta.
266 3961 325 4044 De
342 3962 470 4054 quibua
489 3961 586 4038 dicat
601 3954 908 4133 foltvtsslle'allq'uia:
935 3957 971 4036 Si
987 3960 1065 4034 hae
1082 3966 1214 4033 omnia

549 4061 554 4079 ⁹
716 4080 739 4136 2
859 4059 868 4068 “’
1111 4069 1188 4144 oet
1231 4142 1252 4158 ἢ
