2825 4559
206 366 280 456 45⁶
343 356 657 446 orttuuurs
695 357 1132 479 commotum..

209 523 275 601 uisr
295 522 415 598 odium
434 523 614 616 quoddam
639 522 674 594 dt
699 519 980 595 exsecrationem
1006 517 1194 594 adversum
1219 520 1284 592 im·

239 623 416 696 udicitiam
433 619 554 698 sumat,
581 620 745 702 Difficilis
759 626 875 715 enirn,
892 622 925 693 dt
941 622 1048 694 valde
1063 618 1212 692 difficilis
1230 615 1284 694 est

212 726 273 804 tlla
297 724 544 816 continentia,
569 723 630 796 ubi
656 721 872 796 desideratur
896 722 1004 814 illud,
1031 740 1148 811 aquo
1179 718 1285 791 absti-

213 837 343 916 netur,
371 821 404 896 u
421 822 595 914 cupiditas
613 823 718 922 enimi
744 821 822 896 solo
838 835 937 896 metu
958 820 1069 894 futuri
1085 818 1208 911 iudicii
1230 839 1286 888 res

212 921 388 998 frenatur.
441 920 644 995 Periculosa
663 924 761 1013 haec,
788 921 949 997 &valde
974 917 1170 1013 periculosa
1190 915 1285 1002 sunt,

214 1021 279 1098 nist
304 1019 495 1096 secundum
517 1023 701 1095 consilium
726 1019 891 1114 Apostoli
921 1021 1088 1093 odientes
1109 1021 1225 1110 mala,
1254 1017 1287 1094 dt

217 1123 393 1214 impacata
420 1119 690 1212 quodammodo
718 1120 903 1195 adversum
929 1142 971 1193 ea
997 1118 1165 1194 odiorum
1192 1117 1290 1196 bellu

118 1307 123 1326 ,
217 1237 462 1332 peragentes,
497 1221 543 1294 stc
570 1221 810 1302 adhereamus
836 1224 951 1297 bono.
1011 1217 1290 1294 Observandum

217 1323 326 1398 etiarn
344 1322 439 1408 hoc,
468 1319 566 1412 quod
585 1320 675 1394 licut
689 1322 726 1402 in
749 1321 824 1392 aliis
844 1321 952 1393 dicit:
979 1324 1050 1413 Qui
1067 1321 1206 1389 adiuret
1223 1319 1290 1392 Du.

218 1421 323 1506 mino,
351 1446 433 1493 ems
444 1418 581 1516 spi'rr'rus
596 1422 652 1517 efl,
680 1422 729 1493 ita
753 1421 786 1490 dr
811 1422 869 1495 hic
893 1422 997 1493 dicit:
1033 1421 1289 1512 Adhaereamur

216 1521 346 1702 Bono,
371 1521 445 1596 fine
465 1521 577 1599 dubio
600 1536 642 1598 ut
660 1522 848 1617 contingat
867 1522 974 1599 nobis
990 1539 1099 1594 uuum
1117 1516 1188 1596 ello
1207 1537 1289 1598 cum

147 1650 157 1669 s
247 1639 337 1700 unu.

120 1791 122 1796 ,
295 1714 328 1804 6.
358 1720 557 1792 claritatem
568 1721 798 1812 fraternitatis
817 1725 954 1792 invicem
972 1721 1150 1811 diligentes,
1203 1715 1290 1790 Hoc

218 1820 445 1911 mandatum,
471 1835 513 1895 ut
531 1822 716 1916 diligamus
733 1822 906 1909 invicem,
928 1820 1021 1893 'sicut
1037 1818 1070 1889 u
1086 1819 1186 1892 Deus
1206 1816 1292 1892 dile·

218 1923 274 2000 xit
290 1941 380 2010 nus,
409 1940 490 1993 cum
510 1919 551 1994 stt
570 1924 721 2011 primum
741 1920 820 2012 poli
837 1924 986 2012 primunt
1005 1919 1179 2012 (primum
1195 1936 1293 1996 nam·

220 2040 290 2114 que
314 2017 364 2096 est
385 2020 533 2114 diligere
554 2019 694 2110 Deum3
723 2020 755 2091 u
776 2024 870 2092 inter
886 2021 1050 2095 homines
1072 2021 1200 2089 iterum
1219 2016 1293 2090 hoo

221 2122 373 2214 primum
389 2118 459 2202 est,
483 2133 524 2192 ut
545 2119 702 2195 invicem
728 2109 933 2215 diligamus)
960 2119 1080 2194 nescio
1102 2116 1295 2208 quomodo

221 2219 317 2311 quast
344 2221 503 2293 ultimum
531 2219 565 2289 dr
590 2220 707 2293 minus
733 2218 962 2293 netellarium
996 2221 1092 2290 inter
1124 2216 1295 2289 homines

219 2318 418 2418 spernitur,
446 2320 478 2391 dt
493 2320 636 2399 odium,
654 2320 752 2413 quod
772 2311 878 2391 nobis
894 2318 1034 2398 insitum
1052 2315 1121 2388 elle
1138 2317 1294 2388 diximus

221 2422 267 2493 ad
284 2422 376 2503 hoc,
403 2431 443 2490 ut
462 2420 551 2517 mala
569 2419 659 2492 odio
674 2420 887 2507 babeamus,
914 2417 1135 2511 praepostero
1162 2416 1293 2492 ordine

223 2539 435 2597 exercemus
456 2520 491 2592 in
510 2520 639 2612 bonis,
671 2509 705 2591 δι’
731 2521 819 2592 vitia
842 2523 955 2593 carnis
978 2539 1019 2590 ac
1042 2529 1193 2609 peccata
1219 2512 1297 2586 dili.

221 2633 349 2718 gentes
366 2620 492 2691 iratres
509 2619 597 2692 odio
609 2620 791 2695 habemus.
818 2618 900 2692 Nec
915 2620 1017 2691 aliter
1033 2616 1161 2690 accidit
1175 2611 1289 2688 odilis

222 2742 294 2794 nos
321 2738 398 2810 quae
421 2739 497 2792 non
523 2732 698 2812 oportet,
724 2720 784 2792 nist
810 2721 891 2809 quia
912 2719 1088 2814 diligimus
1114 2736 1189 2807 quae
1215 2734 1296 2790 nou

225 2833 389 2913 oportet.
423 2818 565 2891 Fratres
586 2839 673 2913 ergo
687 2820 856 2909 jubemur
872 2820 1043 2912 diligere,
1068 2821 1143 2889 oon
1157 2815 1299 2905 judica·

223 2942 275 2993 re.
311 2916 347 2988 Si
366 2917 460 2988 enim
473 2932 580 3007 pistas
597 2919 749 3007 aliquem
771 2919 917 3010 impium
936 2916 1027 3000 effe,
1054 2917 1087 2987 dt
1108 2917 1192 2986 ideo
1213 2935 1298 2992 eum

222 3038 300 3101 noo
318 3015 454 3110 judicas
471 3016 713 3113 diligendum,
740 3019 842 3112 audi,
869 3018 967 3109 quod
994 3018 1136 3112 Christus
1156 3036 1215 3112 pro
1236 3020 1297 3083 im·

222 3123 288 3217 piis
308 3133 449 3187 mortuus
465 3115 515 3212 esi.
567 3117 645 3190 Aut
667 3115 690 3189 sr
710 3119 791 3210 quia
810 3113 1053 3212 peccator'est
1069 3117 1179 3191 frater
1196 3130 1297 3209 tuus,

177 3251 181 3274 =
222 3220 309 3295 ideo
329 3237 411 3314 eum
430 3237 506 3291 non
525 3230 629 3308 putas
651 3215 891 3313 diligendum,
918 3219 1019 3307 audi,
1046 3219 1127 3308 quia
1152 3215 1298 3311 cirillus

225 3320 323 3419 Jcsus
339 3324 377 3388 in
393 3318 476 3388 bunc
494 3321 647 3389 mundum
665 3321 761 3389 venit
781 3335 953 3413 peccatores
967 3317 1071 3405 [ulons
1083 3316 1204 3408 farere.
1258 3314 1297 3387 Si

223 3439 318 3494 vero
343 3417 456 3510 justus
481 3416 551 3504 est,
579 3419 697 3492 multo
721 3421 829 3514 magis
857 3417 1050 3494 dilectione
1077 3418 1203 3512 dignus
1224 3414 1298 3504 ests

221 3524 384 3595 Dominus
401 3518 496 3595 enim
515 3518 620 3610 diligit
637 3518 746 3615 justo,

278 3643 335 3714 .7.
366 3624 495 3691 Honore
510 3623 649 3690 inuicem
662 3623 907 3714 pravenientes.
941 3617 1026 3690 Hoc
1046 3613 1119 3704 est,
1146 3613 1298 3704 quod&

226 3718 410 3798 Dominus
437 3719 585 3811 docuit,
614 3738 693 3798 cum
715 3731 862 3790 notaret
887 3717 1026 3792 Scribas
1050 3716 1082 3786 dt
1103 3712 1297 3790 Pharisaeos

224 3822 337 3915 prima
353 3818 414 3893 sibi
433 3820 515 3895 loct
534 3820 571 3891 in
588 3820 773 3896 conviviis
791 3818 1047 3909 vendicantes,
1075 3814 1109 3888 u
1130 3814 1298 3906 doceret,

222 3934 288 4013 ut,
317 3938 398 3996 cum
414 3931 573 3995 vocatur
592 3917 704 4000 fueris
730 3934 770 3996 tu
795 3920 1018 4007 adcenso,
1044 3919 1081 3992 in
1103 3912 1297 3994 novillimu

205 4019 530 4108 loccrscuubas.
1034 4119 1037 4124 .

641 4117 646 4128 '
1106 4115 1248 4222 Qtsstll‘t·
