2825 4559
178 333 184 340 ’
211 285 277 456 tn
300 371 475 485 urtrr.
500 361 588 450 Au·
607 301 838 449 norton
861 359 963 446 utu.
989 361 1066 444 111.
1122 365 1199 470 rep
1266 417 1269 427 .

124 535 299 639 pientiam
315 536 459 611 divitias
474 535 549 627 eius
568 531 658 627 effe,
686 530 719 604 dr
736 529 924 623 iustitiam,
951 533 1203 612 &stodiificai

119 645 278 717 tionem.
328 636 420 711 Huc
436 636 554 710 eutero
569 631 689 708 omnia
706 630 882 705 Christum
897 633 968 711 effe
988 638 1074 708 dicit
1089 637 1193 734 Apo·

124 740 252 816 stoiut.
298 733 461 814 Christ'ur
477 752 567 831 ergo
582 733 634 808 est
650 733 773 805 anime
791 731 944 824 divitie,
972 737 1102 811 &ideo
1117 738 1202 832 ipse*

126 840 180 915 est
195 837 399 933 redemptio
417 834 506 928 eiua.
532 832 626 908 Nam
641 831 851 926 corporales
866 833 1000 915 divitie
1017 840 1195 929 pernicies

128 941 241 1035 magia
267 940 416 1026 anime,
451 954 554 1027 quam
579 934 784 1025 redemptio
811 932 887 1023 ejus
912 934 982 1009 eise
1009 929 1220 1013 credendae‘

129 1037 234 1130 sunt,
261 1038 324 1111 niti
340 1037 383 1109 ad
397 1037 533 1109 bonum
551 1054 643 1126 opor
661 1028 845 1106 converse
856 1033 999 1127 justitie
1017 1036 1050 1109 dt
1066 1037 1197 1114 miseri·

130 1139 266 1213 eordiae
286 1133 394 1227 fiant,
413 1135 446 1207 dr
467 1156 512 1208 ex
529 1132 932 1228 corporalibuodivitiis
947 1137 990 1214 ad
1006 1139 1129 1212 anime
1145 1141 1197 1212 di·

126 1241 236 1312 vitiae
258 1237 528 1311 transferantur.

208 1348 256 1420 8.»
267 1340 372 1437 Quem
394 1335 551 1434 proposuit
579 1335 667 1413 Dour
690 1338 946 1430 propinationem
968 1356 1026 1433 per
1038 1337 1136 1429 fidon
1158 1343 1198 1410 r'n

123 1438 283 1534 [unguine
305 1443 390 1539 ejus-x,
415 1440 455 1505 od
469 1436 658 1529 ostensionem
669 1434 804 1528 justitia
815 1436 898 1527 sua,
920 1457 977 1534 per
994 1436 1199 1529 remfflonem
1222 1522 1225 1529 ,

126 1542 368 1638 precedentium
386 1534 583 1620 octonorum,
610 1541 647 1603 in
657 1537 882 1629 sustentatione
900 1541 979 1621 Dei,
1005 1542 1044 1610 od
1062 1539 1201 1633 mironio.

130 1665 203 1711 nem
214 1641 347 1737 juflitiae
363 1642 428 1734 ejus
447 1643 483 1706 in
494 1637 553 1722 hoc
568 1651 719 1736 tempore:
745 1636 835 1733 utfit
850 1636 910 1735 ipse
920 1638 1038 1736 justus,
1055 1643 1093 1715 Θ
1106 1641 1203 1738 justi.
1258 1633 1266 1694 .'
1278 1647 1290 1696 ..·“

103 1744 335 1836 joannem,
361 1745 416 1835 qui
429 1736 588 1830 exfideefl
605 1737 686 1831 Jesu
706 1723 837 1832 Cbrifir'.
889 1735 980 1812 Cum
1002 1742 1112 1814 muita
1131 1761 1203 1816 not

135 1839 389 1914 &admiranda
407 1833 584 1913 docuiss'et
599 1834 735 1908 sandius
751 1834 952 1929 Apostolus
975 1839 1020 1911 de
1039 1840 1203 1917 Domino

133 1940 264 2018 nostro
277 1938 361 2033 Jeiu
374 1936 537 2027 Christo,
564 1957 642 2030 quoe
658 1956 723 2029 per
735 1936 940 2028 mysterium
958 1938 1003 2011 de
1016 1962 1063 2013 eo
1080 1943 1206 2016 dicun·
1274 1944 1282 1978 ⁸

132 2057 216 2135 tut,
242 2042 315 2113 hoc
342 2040 493 2111 inloto
520 2037 734 2109 eminentius
752 2039 883 2130 aliquid
901 2044 1076 2132 protuiit,
1104 2042 1205 2133 quod
1261 2057 1263 2062 '

134 2161 214 2216 noo
236 2140 343 2213 facile
365 2140 401 2210 in
424 2140 498 2209 aliis
521 2135 712 2229 Scripturae
739 2138 831 2209 iocis
857 2140 1011 2212 arbitror
1034 2143 1206 2222 inveniri.

133 2240 233 2318 Nam
256 2259 337 2328 eum
360 2238 516 2330 superius
541 2234 702 2336 dixiiiet,
737 2236 836 2328 quod
860 2259 926 2335 pro
949 2243 1049 2313 omni
1072 2263 1208 2338 genere

136 2344 299 2417 humano
322 2337 609 2429 redemptionem
631 2335 852 2429 semetipsum
868 2337 1036 2431 deditior,
1063 2353 1104 2412 'ut
1126 2333 1209 2438 eos,

138 2442 252 2535 quiin
271 2453 502 2533 peccatorum
520 2436 733 2530 captivitate
746 2440 982 2527 tenebantur,
997 2440 1209 2538 redimeret,

139 2543 224 2615 dum
233 2540 302 2634 fine
315 2545 381 2609 Deo
394 2558 451 2632 pro
462 2539 605 2606 omnibus
620 2554 750 2605 mortem
763 2535 898 2631 gustat:
923 2558 1021 2611 nunc
1037 2541 1135 2613 addit
1148 2544 1217 2616 ali-r

102 2684 106 2694 ·
138 2640 225 2740 quid
241 2638 443 2727 sublimius,
471 2636 623 2726 &dicit,
650 2638 731 2726 quie
742 2633 898 2729 proposuit
914 2662 983 2707 eum
1006 2646 1088 2707 Deus
1107 2644 1216 2738 propr.-

139 2745 311 2815 ro‘otionem
326 2760 383 2834 per
398 2740 489 2827 fidem
513 2735 717 2828 insanguine
734 2736 846 2832 ipsius:
881 2758 956 2830 quo
981 2735 1118 2842 scilicet
1143 2759 1212 2835 per

139 2839 292 2918 hostiam
311 2838 375 2912 -sui
403 2838 569 2934 corporis
604 2838 800 2927 propitium
836 2837 1042 2913 bominibus
1074 2840 1214 2920 iaceret

141 2942 261 3017 Deum
274 2994 286 3031 ‚
301 2937 346 3013 dr
361 2958 425 3032 per
441 2938 514 3010 hoc
529 2933 735 3009 ostenderet
746 2935 915 3029 iustitiam
932 2936 1046 3034 suam,
1060 2941 1143 3017 dum
1160 2943 1213 3019 eir
1255 2965 1262 2988 ⁸
1319 2961 1321 2965 ’

139 3042 346 3116 remitteret
361 3037 599 3136 precedentia
616 3034 762 3136 deiitta,
788 3057 865 3129 quae
883 3037 1031 3133 peffimis
1049 3048 1217 3134 tyrannir'
1248 3119 1254 3128 ,

142 3142 336 3222 serviendo
362 3149 619 3212 contraxerant
643 3156 690 3208 eo
712 3141 906 3230 tempore‚·
927 3159 1000 3229 quo
1021 3139 1215 3228 sustinebat

145 3241 402 3336 &patiebatur
420 3236 521 3310 Deus
540 3236 616 3309 haec
635 3233 723 3310 fieri.
751 3236 822 3312 Sed
843 3236 887 3309 ad
907 3238 979 3312 hoc
996 3244 1216 3337 petiebatur,

145 3338 284 3438 utpost
300 3340 397 3430 hec,
423 3338 459 3411 id
478 3334 550 3427 est,
576 3336 612 3407 in
625 3335 699 3407 hoe
715 3348 881 3429 tempore
900 3337 1106 3414 ostenderet
1118 3340 1218 3439 justi·

146 3444 235 3517 tiam
253 3437 359 3513 snam.
397 3438 438 3513 In
457 3434 766 3524 consummatione
782 3437 914 3511 etenim
928 3434 1066 3528 seculi,
1092 3444 1129 3519 in
1149 3463 1218 3517 no·
1304 3480 1316 3496 ·

135 3541 285 3620 —uiiitmo
306 3553 472 3631 tempore
489 3532 731 3609 manifestavit
750 3536 848 3608 Deus
864 3535 1034 3631 justitiam
1054 3535 1162 3631 surm,
1180 3544 1218 3620 ἃ
1296 3626 1298 3630 .

147 3641 438 3732 redemptionem
455 3636 553 3709 dedit
568 3656 668 3715 eum,
694 3656 797 3724 quem
815 3642 1091 3728 propitiatorem
1108 3637 1216 3721 fecit:

147 3762 196 3820 ne
215 3740 338 3829 forte,
372 3735 396 3810 ir
424 3740 520 3829 prius
546 3735 825 3828 propitiatorem
848 3735 1007 3822 misdict,
1039 3737 1218 3820 nontam

147 3843 285 3924 rnuitos
307 3836 452 3915 humani
477 3836 619 3935 generis
638 3834 904 3929 repropitiaiiet
927 3836 1033 3931 Deo,
1060 3862 1163 3933 quam
1180 3847 1219 3919 in

150 3944 207 4016 his
224 3939 470 4031 temporibus,
497 3937 623 4028 quibus
640 3932 711 4031 jam
728 3935 881 4032 mundus
896 3940 1057 4030 repletur
1073 3941 1226 4020 uidetur

83 4023 99 4070 ·'
151 4042 370 4134 boniuibtn,
395 4036 498 4116 uem
514 4039 610 4114 euim
618 4031 737 4238 ipstpr
756 4035 829 4133 est,
857 4037 1263 4146 &justuriuitibcare

84 4167 88 4174 '
1124 4163 1223 4228 nou
