2825 4559
182 347 264 437 552·
369 279 1060 464 onrouursrnaouuura

184 500 295 582 denti
322 507 436 576 Omnis
457 468 556 574 uallis
579 504 779 600 impidirer,
804 504 843 582 U
865 513 966 578 amnia
988 525 1076 581 moni
1103 508 1146 586 U
1166 511 1260 582 collis

183 605 430 682 humiliabitur:
457 603 496 681 U
512 621 611 678 erunt
624 611 782 702 provoin
799 607 930 691 direcia,
945 608 984 684 U
998 610 1105 704 aspera
1125 616 1165 681 in
1183 620 1260 683 vias

180 713 318 807 planot3
345 704 383 782 (π
398 706 522 786 videbit
535 715 637 776 omnis
652 730 722 776 caro
737 706 879 793 [salutm
901 714 975 782 Dei.
1026 710 1114 783 Hoc
1130 724 1259 788 autem

181 812 289 899 idue,
317 807 398 898 quia
417 807 555 879 Verbum
569 798 640 877 caro
647 804 844 904 fofiam'efl,
860 809 899 884 θ
915 809 1079 882 habitauit
1097 811 1137 880 in
1149 813 1260 887 nobis.

179 911 294 986 Nunc
317 919 437 979 autem
460 926 683 998 nequaquam
709 925 787 980 vox
811 906 1003 1004 Prophetae
1033 911 1074 985 in·
1105 909 1257 985 deserto

182 1015 275 1101 erit,
302 1005 362 1080 sed
380 1026 457 1080 vox
479 1007 697 1102 Archangeli
715 1009 872 1100 parantis
890 1012 967 1082 vias
988 1011 1118 1084 nonin
1134 1013 1258 1086 carnia

179 1111 382 1186 humilitate
399 1109 581 1195 venienti,
607 1104 667 1178 sed
688 1108 736 1200 ei,
749 1111 809 1200 qui
822 1106 874 1181 est
890 1110 983 1203 apud
1005 1107 1147 1184 Patrem
1159 1111 1256 1184 Ver-

180 1213 267 1285 bum
287 1209 403 1284 Deus.
456 1203 504 1279 Et
521 1219 608 1279 tunc
626 1205 769 1297 quidem
788 1211 1063 1301 egrediebantur
1081 1212 1120 1281 in
1139 1209 1261 1285 deser·

180 1326 279 1401 tum,
305 1322 346 1381 ut
365 1309 530 1382 audirent
552 1307 713 1397 assumpti
735 1307 890 1381 hominis
915 1307 1195 1401 precursorem,
1225 1312 1260 1384 dt

179 1412 349 1484 viderent
374 1408 582 1492 arundinem
607 1421 724 1479 vento
752 1411 947 1502 agitatam,
985 1408 1029 1481 de
1055 1427 1126 1501 qua
1152 1408 1259 1483 fatie

177 1503 392 1599 sonitibus,
420 1510 453 1582 dr
473 1508 613 1579 vocalia
632 1508 808 1600 calamus,
838 1510 897 1598 qui
916 1511 1034 1582 inore
1051 1529 1255 1602 puerorum

178 1613 275 1684 dulci
301 1610 404 1683 sonat
425 1607 687 1695 modulamine,
713 1610 918 1682 canentium
935 1610 971 1680 in
990 1609 1119 1701 plateis
1138 1625 1253 1700 atque

178 1710 394 1783 dicentium:
424 1711 640 1779 Conrooa'mus
665 1706 779 1793 vobia,-
800 1705 839 1782 (5
856 1733 922 1777 non
933 1709 1084 1802 fiastaliis.
1137 1708 1256 1782 Nunc

177 1826 297 1884 autern
314 1811 353 1881 in
367 1828 467 1881 voce
481 1807 698 1901 Archangeli
714 1807 948 1900 precedentis
969 1808 1171 1882 Dominum
1192 1808 1257 1882 de·

171 1911 406 1992 ¹scendeotem
424 1908 469 1981 do
485 1907 602 1996 coelis,
623 1907 710 1977 &in
725 1906 904 1983 clarillrnaa
924 1908 1033 2006 tuba,
1059 1885 1254 1998 utiusquis·

175 2032 247 2103 que
271 2007 494 2096 credentium
522 2008 582 2076 vel
609 2005 651 2075 ad
669 2007 849 2095 prelium,
876 2008 935 2077 vel
953 2006 996 2078 ad
1012 2005 1253 2082 sacerdotalia

175 2107 365 2184 ministeria
383 2119 621 2196 provocator.
650 2103 817 2198 Legimus
832 2109 868 2177 in
885 2105 1134 2180 Nummorum
1154 2108 1250 2180 libro

174 2209 326 2281 sacratas
343 2204 427 2277 Deo
447 2206 571 2295 tubas,
600 2223 677 2295 quae
694 2218 779 2279 ante
796 2204 927 2279 hostias
944 2205 1156 2299 personent.
1193 2206 1253 2279 Siu-

176 2323 295 2381 autem
323 2325 449 2401 magua
473 2303 524 2377 est
550 2325 627 2377 vox
655 2301 809 2401 Augei,
838 2305 1009 2396 &tubae‚
1037 2306 1254 2380 &Archan-

173 2410 264 2504 geli:
298 2408 571 2496 quantomagis
598 2404 667 2476 erit
693 2408 788 2478 tuhae
814 2407 908 2495 Dei,
936 2427 1014 2496 quae
1039 2421 1143 2500 parat
1171 2407 1254 2480 ¹vias

172 2510 324 2601 primum
341 2505 594 2578 dormientium
612 2504 887 2578 &mortuorum
905 2507 942 2578 in
959 2503 1122 2595 christo,
1150 2505 1254 2578 deiu-

170 2610 216 2680 de
232 2626 379 2697 eorum,
408 2605 465 2696 qui
485 2608 641 2700 vivunt,
668 2603 852 2677 &residui
880 2603 980 2697 sunt,
1009 2606 1042 2675 dt
1068 2602 1248 2679 sermonis

172 2707 244 2779 Dei
266 2703 513 2798 prestolantur
528 2702 754 2778 adventum?
791 2703 951 2777 Forsitan
967 2703 1131 2795 simplicis
1147 2707 1250 2777 tubae

174 2809 322 2900 clangor
348 2804 609 2876 dormientibus
635 2803 667 2874 dr
691 2806 846 2877 mortuis
867 2806 903 2877 in
922 2803 1062 2877 Christo
1087 2804 1249 2877 necessa·

170 2909 243 2977 rius
263 2902 332 2989 est3
362 2924 439 2975 vox
456 2917 575 2976 autern
594 2901 814 2997 Archangeli
832 2902 864 2975 ἃ
881 2908 975 2976 tubae
995 2903 1066 2976 Dei
1082 2902 1153 2995 his,
1184 2905 1245 2997 qui

172 3006 305 3080 vivunt
322 3003 355 3076 u
371 3004 405 3074 in
425 3003 611 3093 presentia
627 3002 700 3074 Dei
715 3003 952 3082 reservantur.

245 3105 462 3188 Videamus3
491 3102 574 3194 quid
591 3101 859 3199 possitlntelligi
879 3103 911 3174 da
930 3101 987 3194 id,
1005 3101 1104 3194 quod
1126 3100 1246 3194 sequi·

168 3220 247 3278 tur:
273 3204 379 3276 Simul
393 3227 461 3271 cum
477 3204 540 3272 illis
561 3210 729 3297 rapiemur.
753 3205 841 3303 Quo
863 3203 979 3275 verbo
993 3202 1134 3275 ostendi
1147 3218 1245 3294 puto

168 3307 322 3380 subitum
348 3303 391 3375 ad
417 3303 566 3375 meliora
590 3300 859 3393 transcensum,
884 3303 918 3375 dr
941 3303 1077 3374 idcirco
1099 3316 1247 3396 raptum

168 3407 204 3481 se
232 3401 384 3477 voluiffe
410 3403 556 3493 dicere,
590 3415 631 3474 ut
656 3401 837 3473 velocitas
862 3403 1079 3475 transeuntia
1105 3399 1246 3479 sensum

168 3507 360 3601 cogitantis
382 3503 585 3577 excederet.
638 3503 752 3597 Quod
776 3501 861 3574 &in
884 3503 955 3573 alio
973 3505 1061 3574 loco
1077 3500 1243 3595 ejusdem

166 3607 269 3680 verbi
287 3605 510 3696 proprietate
528 3601 696 3694 signavit:
723 3604 968 3672 Semianimem
985 3609 1022 3672 in
1041 3603 1161 3695 cirillo
1177 3627 1239 3673 an·

169 3727 200 3780 te
218 3729 317 3779 aranos
336 3699 586 3801 quatuorderim,
605 3701 675 3797 five
697 3709 737 3774 in
757 3725 894 3797 corpore,
920 3705 1036 3791 nescio,
1056 3706 1124 3799 five
1142 3719 1241 3775 extra

164 3803 292 3903 corpus,
317 3806 435 3892 nescio,
464 3800 556 3875 Deus
572 3803 654 3890 scit,
681 3821 807 3898 raptum
823 3797 993 3899 istiusmodi
1009 3803 1098 3899 usque
1114 3806 1155 3872 ad
1169 3821 1240 3875 ter-

142 3971 145 3976 .
166 3917 250 3980 tium
266 3908 383 3978 catum.
437 3906 484 3976 Et
493 3901 557 3991 scio
571 3903 752 3998 hujusmodi
769 3905 943 3990 hominem,
963 3904 1032 4000 five
1051 3910 1240 3997 incorpore,

180 4009 227 4102 ive
241 4027 333 4086 extra
349 4026 478 4108 corpus,
504 4001 622 4096 nescio,
650 4008 737 4112 Draga
747 4005 829 4098 scit,
857 4012 930 4101 quia
947 4023 1056 4104 raptus
1071 4004 1110 4102 ιβ
1126 4012 1235 4101 in-pa.

180 4129 182 4159 ³
1097 4108 1181 4178 radi·
