2825 4559
115 283 120 287 ’
267 342 329 432 lu
353 339 529 418 urrsr.
557 339 634 414 no
660 338 1095 418 nominemur.
1144 360 1223 462 μ,

142 503 245 599 paci:
265 503 403 580 visione
420 502 596 578 consistit:
623 504 657 576 dr
681 502 746 576 ilie
770 501 820 578 est
846 523 983 596 pauper
1001 500 1218 596 sardorum,

143 625 194 676 ex
220 604 289 677 illis
315 603 450 678 scilicet
474 606 588 679 beatis
613 604 853 697 pauperibus,
880 607 922 676 ad
948 623 1042 695 quoe
1064 602 1218 678 dicitur:

146 702 252 781 Beati
264 724 413 801 pauperes
426 705 565 800 spiriru,
590 708 740 801 quoniam
760 707 897 796 ipsorum
920 704 961 799 est
986 727 1112 799 regnunt
1132 704 1217 774 coesr-
1285 703 1287 708 ’

145 828 231 878 rum.
256 803 325 877 lsta
344 804 394 878 est
414 824 502 901 ergo
520 807 624 878 beata
641 817 847 899 paupertas,
864 824 942 894 que
956 801 1061 876 dicit:
1086 806 1216 906 Aurum

140 903 184 980 (5
199 921 365 994 argenteam
379 928 447 974 nan
463 905 578 996 debe03
597 905 654 993 sees
677 907 760 1004 quod
786 905 896 989 hebro,
923 905 979 974 hoc
1002 905 1063 973 ribi
1088 903 1135 975 de.
1168 906 1212 978 In

138 1009 271 1075 nomine
288 1005 367 1100 Jesu
386 1006 508 1100 Christi
526 1009 704 1078 Nazaraei
716 1005 809 1096 surge
828 1004 866 1080 U
884 1003 1020 1075 amunta.
1046 1001 1115 1076 lste
1130 1001 1212 1080 talia

139 1123 279 1196 pauper
295 1105 334 1177 in
348 1102 543 1202 Jerusalem
559 1101 696 1198 semper
711 1102 1015 1198 habitptdivitiae
1032 1101 1212 1198 possidens

138 1201 349 1296 spiritualer.
399 1204 537 1278 Aurum
556 1206 633 1295 ejus
654 1203 821 1298 sapientie
835 1197 909 1296 est,
936 1218 1122 1298 argentum
1141 1199 1213 1274 ser-

137 1323 203 1378 mo
219 1300 391 1376 scientie:
417 1304 626 1378 indumenta
642 1305 718 1396 ejue
735 1300 894 1378 Christus
909 1301 981 1394 est,
1008 1303 1114 1394 dapes
1132 1303 1210 1394 ejus

139 1403 175 1474 d:
200 1402 337 1474 delicio
361 1402 481 1476 mensa
504 1402 555 1476 est
580 1401 779 1496 sapientie,
811 1404 845 1475 dt
871 1405 972 1475 tibus
997 1401 1146 1476 affluens
1172 1405 1212 1478 im
1287 1431 1289 1438 ·

123 1503 258 1574 morbo
278 1501 365 1574 Dei:
393 1503 518 1576 vinum
537 1505 669 1576 letitie
687 1505 792 1594 bibit,
817 1503 917 1593 quod
934 1504 972 1576 in
987 1515 1125 1576 cratere
1142 1497 1210 1574 suo

141 1599 280 1674 miscuit
295 1599 532 1694 Sapientia&
551 1603 596 1674 de
611 1604 858 1700 intelligentie
873 1602 951 1693 eius
969 1597 1120 1675 viminis
1135 1598 1212 1672 edit

140 1701 242 1772 cibo:
264 1698 400 1773 solidos
424 1701 458 1772 dt
482 1704 647 1777 Verbum
668 1723 814 1776 carnem
837 1699 979 1775 fastum.
1030 1697 1106 1776 lstae
1126 1696 1212 1775 sunt

136 1798 307 1891 spiritales
330 1801 484 1887 divitie,
512 1804 641 1891 quibus
661 1799 799 1876 Gentee
822 1803 859 1876 in
879 1821 985 1876 carne
1005 1799 1122 1874 adhuc
1141 1819 1209 1894 po·

137 1900 210 1972 srrae
227 1901 493 1974 communicare
508 1900 689 1978 festinent.
739 1901 899 1974 Videtur
922 1919 1011 1996 ergo
1032 1900 1117 1973 mibi
1137 1899 1210 1992 his,

139 2018 231 2089 quoe
259 2002 423 2073 nominat
450 1999 610 2088 Gentes,
640 1997 925 2094 impersetiiores
947 2000 1116 2090 quasdam
1133 2001 1210 2092 ani7

138 2118 214 2174 mas
232 2098 410 2192 indicare,
438 2120 516 2191 que:
533 2098 775 2194 perrenorum
788 2099 992 2202 magisterio
1005 2099 1208 2192 indigeant:

138 2198 173 2269 dr
188 2197 214 2270 s:
230 2198 330 2272 forte
345 2201 458 2295 digne
471 2201 601 2276 habite
615 2199 770 2291 suerint,
787 2214 829 2274 ut
844 2201 1037 2294 participes
1053 2203 1104 2272 eis
1119 2193 1211 2272 fiant

135 2297 176 2368 in
197 2295 380 2378 intelledlu
404 2299 437 2370 dr
457 2297 603 2374 seientia
619 2297 782 2391 spiritali,
807 2298 889 2395 ipsae
905 2298 1061 2376 debeant
1076 2300 1113 2374 in
1131 2317 1210 2372 car·

136 2395 278 2466 nalibua
299 2394 493 2470 ministrare
509 2400 582 2472 eia:
606 2399 681 2472 hec
705 2397 778 2491 est,
807 2420 888 2474 cum
913 2397 1052 2494 spiritus
1080 2393 1209 2474 eorum

136 2493 248 2567 imbui
273 2494 427 2585 coeperit
451 2496 493 2568 ad
520 2494 704 2572 scientiam
730 2497 939 2590 celsiorem,
965 2499 1074 2571 debet
1100 2496 1209 2592 etiam
1301 2515 1303 2520 '

137 2612 223 2664 caro
240 2593 475 2670 continentie
492 2594 707 2672 &castitatis
723 2597 825 2670 frena
841 2597 1031 2691 suscipiens
1049 2594 1211 2690 spiritali·

137 2694 205 2766 bus
227 2690 424 2766 ministrare
448 2697 659 2787 preceptis:
684 2717 733 2774 ne
759 2696 880 2787 forte,
906 2696 1064 2770 sradhuc
1079 2697 1116 2769 in
1134 2714 1211 2790 car·

135 2792 275 2865 malibus
294 2790 476 2883 lasciviat,
501 2792 666 2871 sessorem
683 2795 782 2872 suum
799 2795 870 2868 Dei
889 2796 1051 2884 Verbum
1064 2794 1210 2892 incauta

134 2890 170 2963 dt
185 2889 358 2964 effrenata
373 2892 536 2984 dejiciat..
552 2893 624 2968 Sed
638 2895 672 2968 dt
686 2893 761 2988 ipsa
773 2893 975 2976 differentia
990 2892 1210 2984 sermonum,

128 2987 206 3080 *qua
220 3011 304 3086 erge
321 3004 511 3087 utramque
530 3011 670 3089 partem
683 2991 765 3069 usus
780 2992 831 3068 est
847 2993 998 3086 Paulus,
1023 3014 1101 3068 non
1123 2991 1211 3088 mihi

136 3090 283 3164 videtur
305 3091 434 3169 otiosa.
486 3094 527 3168 ln
552 3093 767 3188 spiritalibus
794 3096 889 3172 enim
916 3095 1211 3176 communionem

137 3192 199 3262 vel
220 3190 534 3283 participationem
558 3195 698 3287 posuit:
725 3196 762 3266 in
779 3192 978 3274 carnalibus
997 3213 1088 3264 vero
1109 3185 1212 3268 mini·

134 3287 301 3363 sterium:
327 3288 362 3360 dr
383 3290 457 3363 hoc
479 3294 640 3368 debitum
667 3292 760 3387 elle,
786 3292 874 3366 illud
899 3312 993 3366 vero
1012 3293 1212 3388 communi·

135 3388 211 3464 cari
226 3389 330 3462 dicit:
356 3401 398 3460 ut
413 3388 598 3484 ostendat,
626 3396 707 3484 quia
726 3391 943 3486 perfettiora
961 3412 1110 3484 queque
1132 3405 1211 3466 tan·

138 3508 246 3579 quam
261 3486 414 3562 coelestia
431 3494 584 3565 terreni:
603 3506 770 3567 nontam
789 3494 980 3582 debentur,
990 3512 1094 3582 quam
1111 3509 1211 3564 com·

138 3588 354 3672 modantur;
380 3601 521 3664 terrena
538 3611 629 3663 vero
652 3591 686 3662 dc
709 3594 861 3666 carnalia
880 3605 1049 3682 tanquam
1067 3613 1132 3684 pro
1149 3589 1212 3663 de·

138 3688 219 3760 bito
239 3688 442 3783 exiguntur.
487 3689 686 3764 Debitores
703 3692 799 3766 enim
817 3690 934 3766 effedii
953 3691 1067 3766 sumua
1087 3690 1210 3764 secun·

139 3787 361 3878 dominum,
387 3791 446 3880 qui
470 3790 633 3883 primitur
659 3806 848 3883 acceptum
871 3781 1208 3870 immortalitatis&
1268 3789 1278 3809 ⁸
1327 3817 1331 3830 ι

137 3889 489 3981 incorruptibilitatis
505 3888 647 3964 censum
664 3889 700 3963 in
716 3888 879 3982 paradiso
899 3891 1054 3982 perdidit
1072 3888 1211 3984 persua·

139 3986 242 4068 stone
265 3985 458 4085 serpentis:
491 3989 635 4066 &ideo
662 3989 846 4068 debitores
872 3989 1042 4086 efficimur
1069 4009 1212 4086 omnes,

640 4085 711 4170 Kb
735 4114 762 4189 d,
1065 4091 1199 4226 upon-,⁸
