2825 4559
280 293 367 420 ἰιι
391 335 567 419 rerer.
592 337 674 414 ao
700 337 931 419 nonan.
956 338 1065 420 ern·
1086 339 1131 419 rr.
1181 358 1253 440 515

174 501 337 581 servavit
354 523 443 602 ergo
458 504 648 600 diiigenter
658 501 877 597 Apostolus,
895 516 937 576 nt
951 502 1144 578 secundum
1161 501 1250 578 Pro·

174 608 361 702 pheticun
386 607 570 696 eloquium
593 604 660 675 iiiia
681 605 871 677 nunciaret
891 601 1091 696 Christum,
1118 605 1248 694 quibua

176 727 199 780 a
215 706 315 779 nuilo
330 703 449 779 fuerat
463 705 676 794 nunciatus,
694 705 728 776 dt
745 719 785 777 ut
801 701 849 774 ilii
866 701 910 776 de
926 724 972 776 eo
990 703 1248 800 intelligerent,

176 807 238 897 qui
255 807 391 880 anulio
408 816 492 878 ante
510 801 717 876 didicissent
744 801 792 874 Et
808 803 892 894 ista,
911 818 952 874 ut
967 822 1122 896 opinor,
1145 801 1249 877 causa

175 903 268 996 fuit,
297 925 374 996 qua
390 926 472 978 eum
488 901 697 994 frequenter
712 916 981 996 proponentem
998 902 1152 976 Romam
1168 923 1249 994 per·

174 1025 262 1101 gere
286 1006 522 1098 prohibebat,
549 1007 639 1075 iicut
664 1003 769 1086 dicit:
800 1009 929 1095 ireprer
954 1004 1032 1099 qued
1058 1005 1247 1097 impediebar

171 1085 620 1201 plurimumomireidvora
647 1120 745 1188 non,
771 1102 869 1174 utin
898 1102 973 1174 aliia
996 1101 1104 1199 dicit,
1131 1101 1246 1194 irnpe-

171 1205 268 1278 ditns
289 1227 309 1279 a
328 1201 476 1296 Satana,
511 1202 569 1273 sed
596 1201 767 1276 fundandi
797 1199 972 1276 Eccieiias
999 1205 1247 1296 occupatione

173 1307 365 1394 detentor,
393 1303 425 1374 dr
449 1305 486 1375 in
508 1299 562 1378 hia
586 1302 678 1373 iocir
701 1297 895 1389 fundandi,
923 1302 984 1377 ubi
1003 1303 1137 1374 nullum
1158 1298 1245 1374 fidei
1296 1349 1298 1356 ·

170 1401 397 1500 procederat
414 1397 696 1476 fundamentum.
725 1400 938 1493 Exemplum
956 1416 1076 1474 autem
1091 1398 1245 1474 deiisaia

130 1557 135 1562 -
171 1501 349 1595 sumptum
365 1499 473 1592 est‚&
489 1501 614 1574 iisdem
633 1521 679 1572 er
694 1498 839 1596 integro
856 1503 992 1594 verbio,
1004 1501 1133 1592 quibua
1149 1500 1246 1594 apud

168 1602 390 1694 Prophetanr
408 1603 559 1696 iegitur,
587 1596 776 1692 sumpturo.

252 1721 309 1797 13.
337 1704 439 1796 Nune
456 1724 533 1774 vero
547 1701 684 1770 ulterius
697 1702 797 1771 lotum
810 1719 876 1767 non
891 1695 1009 1769 haiam
1025 1699 1062 1769 in
1078 1697 1132 1768 his
1147 1701 1245 1794 regin·

171 1801 290 1892 nibus,
317 1799 498 1896 defiderr'rrm
512 1817 616 1872 cutem
629 1798 746 1870 hebeni
765 1804 878 1869 tranire
892 1801 934 1869 od
951 1822 1008 1870 vor
1027 1804 1096 1894 jam
1111 1825 1150 1870 ex
1162 1802 1245 1871 mul-

173 1906 217 1972 tis
231 1900 474 1999 precedentibus
490 1907 598 1986 annis,
613 1922 684 1970 cern
699 1906 736 1969 in
758 1901 943 1994 Hispaniam
953 1901 1143 1994 prpiriscnr,
1153 1900 1245 1992 sparo

173 2003 252 2096 qued
271 2003 521 2096 pretergredienr
539 2003 667 2072 videam
682 2023 761 2085 vos,
787 2000 825 2076 di
845 2023 883 2070 ex
896 1993 988 2098 pa'rre
1004 2001 1135 2070 deducar
1150 2001 1243 2092 iiiuc,

173 2108 355 2196 cumprime
370 2123 410 2174 ax
423 2118 516 2196 parre
529 2098 659 2191 lrur'rrrr
670 2097 879 2192 surcariis.
932 2098 1089 2173 Videtur
1108 2099 1183 2174 haec
1202 2101 1242 2175 in

172 2200 312 2295 Achaja
337 2198 472 2292 pontus
499 2201 620 2274 dicere
646 2199 746 2292 apud
764 2196 999 2292 Corinthum,
1031 2199 1120 2273 ficut
1146 2201 1178 2272 dr
1206 2201 1244 2280 in

173 2302 295 2392 primia
320 2297 488 2392 Epistola
513 2301 673 2392 partibor
689 2300 761 2389 ianr
782 2318 851 2389 pro
871 2299 1007 2371 viribus
1023 2297 1243 2382 demonstra·

164 2401 312 2471 ¹vinrnr:
338 2416 416 2490 qnae
431 2397 703 2489 utiqueAchaJ'r
717 2396 885 2471 vicina&
902 2400 1089 2473 coherens
1105 2391 1245 2472 estMa·
1313 2415 1317 2435 ¹

173 2497 349 2573 cedoniae.
400 2495 443 2570 In
461 2499 589 2587 quibus
607 2498 699 2568 iocis
719 2495 870 2590 degens,
899 2516 980 2572 curn
998 2497 1129 2593 singula
1149 2519 1244 2591 quae·

174 2612 244 2684 qne
261 2594 471 2692 peragrniiet
482 2596 720 2688 Evangeliunr
737 2595 932 2689 predicans
948 2597 1052 2671 inhia
1069 2599 1246 2672 duntaxat
1286 2675 1289 2684 ,

172 2689 326 2785 finibus,
351 2698 389 2768 in
410 2698 537 2786 quibos
560 2692 718 2769 Christus
739 2708 824 2769 ante
849 2712 925 2768 non
943 2693 1060 2769 inerat
1077 2697 1246 2788 pradica-

173 2806 253 2884 tns,
281 2794 314 2866 dt
339 2796 522 2892 agnitione
547 2793 616 2867 Dei
642 2790 809 2885 repleiiet
833 2793 1019 2886 universa,
1045 2794 1132 2867 dicit
1151 2796 1247 2882 ulte·

172 2896 246 2968 rius
263 2892 298 2967 se
314 2893 437 2969 locum
455 2887 530 2968 non
545 2893 680 2968 habere
698 2895 736 2966 in
751 2891 804 2966 his
821 2895 1050 2988 regionibus,
1079 2895 1151 2968 hoc
1178 2891 1245 2986 est,

173 2993 297 3067 locun
314 2995 452 3068 nulium
474 2994 544 3070 irbi.
558 2988 734 3087 superasse
752 2993 1018 3086 predicationis
1033 2992 1162 3066 Christi
1180 3015 1244 3084 va-

175 3111 302 3185 cuom,
328 3093 362 3166 tr
379 3105 522 3186 ternpus
539 3092 607 3185 iarn
623 3088 741 3166 adeiie
759 3092 926 3186 designat,
943 3113 1017 3185 quo
1034 3093 1244 3171 desiderium

173 3187 272 3267 suurn
290 3191 435 3266 videndi
452 3213 532 3286 eoa,
550 3193 611 3282 qui
627 3191 756 3266 Romae
772 3190 867 3286 sunt,
884 3193 1014 3267 debeat
1032 3192 1244 3284 adimplere:

173 3292 274 3384 qnod
297 3309 519 3385 conceptum
544 3311 590 3365 ex
618 3292 738 3365 inuitis
766 3293 866 3364 annia
888 3294 1058 3387 gerebat,
1096 3291 1245 3370 dilatum

172 3405 295 3466 autern
311 3389 429 3465 iuerat
446 3392 479 3464 dr
495 3388 762 3484 diffinitorum,
788 3391 909 3464 donec
935 3411 1080 3468 omnem
1105 3393 1244 3486 iocum,

171 3490 212 3565 in
239 3509 313 3583 qno
341 3489 498 3565 Christus
524 3507 600 3563 non
626 3489 1009 3585 incremententur,
1056 3492 1243 3588 agnitione

166 3585 366 3688 Evangelii
383 3585 460 3686 ejus
475 3592 644 3682 repleret.
697 3589 811 3685 Quod
828 3605 946 3665 autern
965 3587 1071 3666 dixit:
1100 3595 1180 3663 cem
1206 3598 1244 3666 in

180 3690 371 3786 Hispaniam
383 3689 661 3786 proficiscanspero
676 3693 755 3785 quod
765 3692 1020 3784 praetergrediens
1035 3692 1159 3764 videam
1174 3717 1245 3779 vor,

175 3807 254 3864 non
280 3794 331 3865 ita
357 3789 603 3884 accipiendum
631 3783 713 3881 est,
757 3781 850 3878 quasi
877 3805 948 3866 tarn
974 3808 1091 3882 parvo
1118 3811 1244 3866 amore

175 3885 307 3965 Pauiua
333 3910 415 3986 erga
438 3891 626 3964 Romanor
654 3900 860 3980 teneretur,
890 3901 931 3962 ut
951 3893 1017 3963 eoi
1038 3893 1075 3963 in
1097 3887 1244 3965 transitu

177 3989 432 4070 antummodo
447 3989 483 4064 dt
497 3987 664 4084 aliorsum
673 4005 838 4166 Ξεκιεξιι
857 3989 1036 4098 judicaret
1060 3986 1244 4161 viippgpr.
