2825 4559
277 327 340 408 tu
365 327 539 410 nasso.
566 329 648 408 no
672 260 903 435 noman.
927 295 1032 410 tto.
1056 329 1119 412 ut.
1169 333 1244 433 4⁶9

174 496 315 585 vimus,
341 494 469 587 &qum
482 495 598 570 cunis
612 493 694 572 fiant
709 493 920 593 cogitamus.
947 493 1242 573 Namfivineam
1281 530 1283 534 ·

174 594 326 670 Domini
343 598 526 687 colamus,
553 592 587 668 dt
603 596 715 670 uitem
731 614 877 685 veram,
904 614 982 687 que
997 594 1048 668 est
1064 593 1241 689 Christus,

175 714 404 768 exerceamus
422 694 457 768 in
474 696 601 788 nobis,
628 695 674 770 de
693 693 757 770 ista
782 697 889 786 vinea
910 715 986 768 non
1002 694 1165 768 ministris
1182 693 1242 767 sae·
1308 691 1310 696 ’

174 797 247 867 cuii
273 794 468 887 pendemus
496 797 648 886 tributa,
676 792 734 867 sed
760 792 823 885 ipsi
848 793 1013 869 Domino
1040 791 1174 871 fruetus
1200 795 1241 870 in

169 908 337 988 tempore
359 895 569 969 reddemuat
594 893 787 969 secundum
805 896 903 985 quod
921 892 995 988 ipse
1013 885 1241 972 salvatorio

172 993 380 1090 Evangeliis
397 994 503 1085 dicit,
529 995 612 1086 quia
627 994 744 1066 colonis
760 997 851 1066 maiis
866 997 955 1066 tollat
968 1003 1114 1082 vineam,
1132 996 1172 1072 θ
1185 996 1242 1066 do-

170 1095 217 1166 ba‘t
232 1120 298 1165 eam
312 1095 388 1163 aliis
404 1096 530 1183 cadomis,
546 1103 601 1192 qui
617 1099 746 1169 reddent
761 1099 793 1165 ei
801 1093 932 1186 sautius
947 1101 1140 1193 intempore.
1165 1092 1242 1172 Sed

170 1196 293 1270 &hoc
308 1192 442 1286 ipsum,
470 1197 567 1285 quod
583 1195 690 1269 dicitt
718 1197 850 1268 Redito
875 1197 1014 1268 omnibus
1036 1198 1159 1280 isium
1184 1198 1240 1277 caii

171 1298 346 1382 tributum,
370 1297 550 1381 tributum
575 1303 627 1367 cui
641 1295 794 1389 usfilmei,
821 1295 977 1391 ostiigaia
1004 1298 1047 1370 ab
1066 1291 1240 1384 e0‚qu0tl

169 1395 451 1487 insequentibus
468 1396 627 1470 additus:
655 1400 718 1470 Cui
736 1402 898 1487 timorem,
923 1404 1089 1481 timorem
1115 1401 1164 1465 cui
1179 1395 1241 1464 iu·

168 1519 296 1573 norem,
319 1495 485 1581 honoram,
512 1493 661 1570 divisum
672 1495 760 1572 mihi
778 1497 943 1570 videtur:
970 1496 1061 1571 &td
1078 1516 1145 1570 eos
1162 1495 1242 1587 quid

171 1597 273 1684 dem,
301 1613 392 1685 quoa
411 1594 701 1688 supradiximus,
727 1595 907 1671 ministros
924 1599 1107 1690 pertinere
1127 1595 1241 1668 tribu·

170 1711 207 1769 ta
226 1697 259 1768 u
275 1694 471 1791 vestigaiia.
518 1694 677 1791 Exigunt
692 1702 787 1770 enim
803 1697 848 1769 de
862 1696 968 1771 nobis
985 1698 1120 1770 tributa
1135 1711 1242 1768 terro

169 1794 319 1876 nostro,
344 1795 378 1867 u
402 1794 589 1892 vestigaiia
613 1796 871 1893 negotiationis
894 1794 1033 1870 nostre.
1087 1792 1135 1867 Et
1154 1791 1241 1886 quid

171 1898 277 1990 dico,
301 1894 348 1990 de
365 1895 502 1990 nobis?
531 1945 534 1954 -
555 1892 709 1970 Exadius
728 1897 780 1971 est
795 1898 969 1970 tributum
987 1898 1093 1972 etiam
1111 1895 1243 1970 Domi·

169 2017 237 2069 nus
252 1994 374 2069 noster
392 1995 492 2090 Jesus
512 1993 670 2069 Christus
690 1996 853 2071 incarne
873 1996 1028 2092 politus:
1061 1996 1160 2090 quod
1185 1995 1242 2066 id-

172 2095 272 2168 circo
297 2094 331 2169 se
349 2096 437 2168 dicit
453 2094 664 2184 exsoluere,
698 2116 777 2173 non
802 2098 898 2189 quod
923 2097 1069 2171 debitor
1092 2096 1154 2187 itt,
1178 2091 1242 2170 sed

171 2216 220 2269 ne
236 2194 450 2268 scandalizet
464 2216 543 2270 eos.
570 2197 683 2294 Quod
699 2195 822 2289 stille,
850 2199 909 2288 qui
927 2199 1013 2270 nihii
1028 2196 1183 2271 habebat
1199 2195 1241 2270 in

169 2293 206 2370 se
224 2291 388 2382 Cesaria,
416 2296 451 2367 dt
473 2297 509 2370 in
535 2317 609 2387 quo
633 2297 802 2390 princeps
821 2296 925 2387 hujm
942 2293 1063 2370 mundi
1083 2297 1240 2370 veniens
1308 2359 1311 2368 ,

170 2414 248 2467 non
270 2395 413 2466 invenit
437 2397 626 2487 quicquam
650 2393 803 2486 defuis,
831 2415 911 2468 cum
928 2397 1018 2468 liber
1035 2393 1144 2487 effet,
1170 2391 1241 2467 sol·

170 2498 227 2567 vit
245 2506 366 2565 tamen
381 2493 555 2570 tributum
583 2496 709 2590 (vonit
726 2496 820 2570 enim
837 2495 920 2568 &in
937 2494 1111 2587 mortem,
1131 2507 1172 2567 ut
1188 2489 1243 2566 os·

167 2592 266 2665 set&
283 2598 371 2665 inter
387 2611 524 2664 mortuos
536 2595 637 2688 iiber)
664 2609 802 2684 quanto
816 2595 924 2691 magis
941 2615 1009 2667 nos
1030 2591 1170 2668 neceise
1187 2589 1242 2666 est

166 2690 232 2782 ista
248 2693 380 2765 tributa
397 2695 511 2767 carnia
530 2695 749 2788 expendero,
763 2695 799 2770 ἀ
814 2695 1073 2789 negotiationis
1092 2692 1239 2782 nostro,

166 2794 330 2868 litamen
351 2795 577 2888 negotiamur
604 2795 810 2891 margaritas
835 2796 935 2890 tegni
951 2797 1147 2884 coelorum,
1172 2809 1241 2885 pet·

162 2891 327 2990 diuersas
353 2895 577 2967 tentationes
602 2895 831 2990 exigentibus
845 2914 916 2968 nos
934 2892 1114 2988 spiritibus
1133 2888 1244 2965 vetii·

169 2992 259 3088 gaiis
277 2991 453 3085 pensitare
463 2992 491 3067 ix
517 2991 705 3069 Timorem
724 3015 815 3068 veto
835 2994 868 3065 ds
884 2995 1065 3069 honorem
1082 2995 1126 3066 ad
1142 2993 1243 3082 iilum

171 3093 293 3185 potius
320 3091 455 3170 referre
481 3093 673 3183 debemus,
710 3096 770 3187 qui
797 3093 885 3169 dic-it
907 3115 972 3187 pet
996 3093 1239 3187 Prophetama

171 3194 295 3263 Nonne
309 3193 347 3269 (5
366 3197 541 3265 Dominum
555 3192 595 3271 Θ
613 3198 741 3267 Patrem
757 3189 967 3265 vocatorias?
1002 3195 1049 3266 Ei
1067 3194 1097 3288 fi
1124 3188 1245 3266 Domi-

170 3293 315 3377 nussum
332 3317 398 3386 ego,
425 3294 479 3364 uit·
496 3295 535 3392 ιβ
554 3300 650 3366 timor
667 3291 776 3367 meus?
802 3294 840 3371 Θ
849 3293 880 3390 fi
900 3297 996 3373 Potes
1008 3295 1076 3378 sum
1093 3317 1160 3385 ega,
1187 3289 1242 3360 aii

169 3392 211 3487 ssi
229 3395 333 3463 donor
348 3390 457 3464 massi
509 3393 715 3474 Posteriora
730 3394 809 3469 sane
828 3414 907 3486 que
924 3395 1080 3485 addidit,
1108 3393 1142 3464 id
1167 3388 1241 3481 est,

143 3583 147 3590 Ι
170 3495 311 3566 Nemini
327 3498 491 3589 quicquam
505 3495 661 3577 debeatis,
688 3509 826 3568 certum
850 3492 967 3568 estad
990 3491 1169 3568 ministros
1185 3510 1243 3562 re·

173 3591 283 3681 ferti,
310 3594 439 3684 quibus
454 3593 598 3668 debitor
616 3595 694 3687 quis
711 3591 882 3685 efficitur,
910 3613 991 3669 eum
1017 3590 1243 3686 peccaverit.

170 3689 346 3766 Debitum
365 3694 458 3767 enim
475 3709 663 3784 peceatum
680 3692 771 3785 effe,
790 3696 827 3765 in
847 3694 967 3767 multis
983 3692 1016 3765 δι
1033 3692 1242 3784 frequentes

176 3789 407 3865 ostendimus.
434 3791 528 3865 Vuit
542 3814 630 3889 engo
651 3793 781 3867 Paulus
803 3794 949 3885 peccati
968 3793 1110 3887 quidem
1134 3809 1246 3866 omos

175 3891 335 3966 debitum
358 3889 472 3984 soivi,
499 3914 570 3968 nee
584 3913 771 3969 remaneto
785 3894 936 3967 omnino
954 3892 1046 3985 apud
1061 3912 1129 3965 nos
1148 3889 1245 3962 dehi·

175 4003 255 4076 tum
274 3990 440 4090 peccati,
462 4013 675 4091 parmanere
680 4007 813 4172 <{amen
828 3993 863 4070 δι
879 4011 1060 4088 nunquam
1077 3988 1224 4160 usstagg
1224 4007 1248 4064 a

726 4115 750 4199 ὅ
776 4115 801 4195 3
1223 4143 1233 4162 ,
