2825 4559
225 333 288 411 ΙΝ
314 331 489 412 arrsr.
516 287 978 418 annuorum—ara.
1004 335 1078 421 tv,
1134 341 1212 433 1⁶5.

134 496 206 573 test
221 495 297 574 fieri
314 500 418 572 etiam
438 510 539 590 pater
558 518 698 589 corum,
716 500 774 590 qui
792 500 828 572 in
846 497 1205 578 'circumcideremus-

136 615 289 676 cuntur:
324 595 490 670 litamen
515 598 558 669 ad
573 600 664 671 illam
685 596 791 672 fidem
808 602 1031 692 pertineant,
1059 619 1138 693 quae
1163 604 1204 678 in

133 699 313 793 preputio
328 698 479 789 positum
495 694 713 792 justificavit.
764 698 813 770 Et
830 702 998 787 quoniam
1012 701 1049 775 iu
1064 720 1203 795 priapu-

134 800 189 873 tio
206 797 358 892 posrrum
372 795 577 889 justificavit
591 799 783 885 Abraham,
799 795 951 872 efficitur
966 820 1054 895 ergo
1070 803 1202 890 utrius·

133 920 203 990 que
216 901 360 994 generis
379 900 569 991 pateulriu,
581 900 639 987 qui
655 897 787 970 suntin
803 901 980 991 preputio
996 920 1059 990 per
1077 891 1201 992 fidem,

133 983 260 1089 trois,
288 1000 346 1087 qui
366 999 445 1069 lunt
459 1002 496 1070 in
511 997 781 1080 circumcisione
799 1018 862 1088 per
879 1018 1042 1074 carnem:
1068 997 1201 1091 &post
1234 1053 1240 1068 ..

132 1097 438 1189 circumcisionem
463 1112 609 1191 generat
633 1100 752 1189 primo
774 1094 891 1187 lsaac,
918 1112 1025 1187 atque
1050 1100 1093 1172 ab
1119 1098 1198 1192 ipso
1248 1095 1255 1102 “

131 1195 332 1288 auspicatur
360 1196 529 1286 ogdoadis
556 1198 720 1279 initium,
755 1194 888 1286 idest,
922 1196 1042 1271 octavi
1066 1198 1136 1271 diei
1161 1198 1199 1273 ira

131 1295 211 1389 ipso
237 1294 492 1369 consecrantur
519 1298 629 1389 prima
652 1295 840 1390 mysteria,
867 1296 1053 1371 &exinde
1070 1296 1199 1391 incipit

131 1394 322 1490 posteritas
344 1395 496 1469 Abrahae
515 1397 648 1478 duplici
666 1416 811 1470 currere
825 1394 1059 1470 sacramento.
1097 1394 1200 1471 Sicut

131 1496 230 1569 enim
251 1492 339 1567 fides
365 1511 492 1568 natura
516 1492 565 1570 sui
590 1496 682 1566 aliud
704 1493 773 1568 elle
795 1496 1024 1593 intelligitur,
1051 1494 1200 1570 &aliud

129 1593 277 1688 justitia,
288 1616 364 1686 quae
382 1599 414 1667 ei
434 1617 496 1688 per
515 1592 620 1668 fidem
638 1608 805 1688 reputata
822 1592 892 1669 estc
919 1598 968 1667 ita
985 1594 1019 1670 dr
1036 1597 1103 1666 alia
1121 1595 1199 1687 eiua

132 1693 204 1768 elle
228 1697 265 1767 in
292 1698 493 1788 praeputio‚
529 1696 595 1767 alia
625 1697 661 1767 in
696 1694 966 1770 circumcidona
997 1693 1199 1787 posteritas.

130 1793 227 1867 Nam
254 1816 342 1883 eus,
371 1797 429 1887 qui
453 1792 689 1868 incircumcisi
716 1791 816 1886 suut,
848 1793 943 1887 ipsos
970 1793 1040 1867 elle
1062 1794 1198 1889 lapidea

130 1908 249 1987 puto,
282 1895 480 1986 dequibus
506 1893 605 1988 polle
627 1894 757 1967 dicitur
782 1893 886 1968 Deus.
910 1885 1074 1968 suscitare
1103 1891 1200 1967 filioa
1259 1936 1261 1940 -
1311 1927 1314 1938 ·

130 1994 304 2080 Aurana,
331 1995 376 2067 de
395 1996 521 2085 quibus
538 1993 674 2068 &illud
690 1995 908 2086 completur,
918 1995 1015 2086 quod
1032 1994 1200 2088 scriptum

132 2090 204 2164 est:
231 2095 326 2191 Quia
345 2093 566 2168 benedicentur
583 2097 618 2163 in
633 2110 663 2164 te
678 2118 781 2163 omnes
797 2093 900 2165 tribur
913 2114 1016 2169 terra.
1059 2092 1129 2166 Sed
1143 2113 1199 2166 re·

133 2205 295 2286 petamus
314 2196 444 2287 adhuc,
462 2194 561 2286 quod
581 2194 687 2268 dicit:
716 2195 764 2267 Et
777 2193 897 2289 figurem
910 2206 1023 2291 accepit
1038 2198 1200 2263 circumci-

122 2295 259 2387 fiunem,
283 2294 470 2386 figuaculrrm
490 2296 622 2391 juflr'tr'a
643 2296 738 2382 fidei,
764 2295 884 2391 quaeefi
901 2300 939 2364 r'n
956 2301 1128 2389 preputio:
1154 2311 1198 2370 ae

132 2391 347 2483 profundam
379 2395 495 2468 inhia
532 2392 627 2465 Pauli
655 2391 859 2485 sapientiam
895 2396 1196 2486 contemplemur.

130 2490 297 2569 Fortaffis
318 2494 413 2567 enim
433 2494 608 2584 aliquibus
631 2493 803 2587 eumdem
819 2492 1018 2567 sermonem
1039 2492 1197 2568 secundo

113 2591 256 2663 'dicere
282 2593 468 2683 videatur,
493 2592 530 2664 ld
555 2589 624 2676 est,
650 2594 787 2685 figuram,
814 2590 1069 2687 &signaculum
1127 2589 1200 2663 Sed

132 2690 220 2782 mihi
247 2706 398 2783 uterque
424 2689 538 2765 sermo
563 2694 710 2765 multam
734 2694 829 2765 iuter
844 2689 880 2765 se
904 2693 1049 2764 videtur
1065 2690 1200 2765 habere

135 2787 386 2865 differentiam.
426 2791 574 2887 Signum
589 2811 744 2883 namque
759 2791 907 2884 dicitur,
935 2812 1014 2864 cum
1030 2810 1094 2883 per
1110 2792 1198 2883 hoc,

135 2891 235 2981 quod
253 2891 414 2984 videtur,
434 2891 528 2965 aliud
546 2892 676 2981 aliquid
691 2891 886 2964 indicatur:
911 2891 1000 2966 sicut
1019 2911 1099 2984 eum
1116 2897 1208 2962 ver-¹

134 2991 172 3063 bi
190 2995 302 3085 gratia
315 2992 405 3064 dicit
426 2990 605 3066 Dominus
622 2996 657 3064 ln
679 2988 903 3087 Evangelio:
938 2995 1108 3064 Generarlo
1135 2993 1200 3060 lraec

128 3091 252 3183 ssgnum
269 3095 403 3186 quarn.-
428 3092 465 3167 θ
478 3092 596 3184 fignum
613 3116 677 3161 non
691 3094 821 3162 dabitur
835 3098 878 3171 ei,
894 3090 1083 3188 m'ssfignum
1102 3092 1199 3185 Jomae

140 3190 309 3283 Propheta.
337 3194 426 3261 Sicut
443 3198 528 3261 enim
541 3190 615 3283 suit
633 3195 739 3287 Jonas
756 3201 793 3261 in
808 3206 923 3262 uentre
937 3196 997 3261 ceti
1014 3192 1200 3280 triburbdie·

136 3290 191 3358 bur
215 3288 253 3368 (5
279 3292 381 3360 tribur
403 3290 567 3386 ouilibus:
592 3298 639 3361 ita
658 3288 696 3366 ὕ
720 3293 843 3361 Flrnm
859 3293 997 3359 bominis
1012 3286 1200 3385 oportetrffa
1257 3295 1264 3318 ²

136 3396 173 3459 in
187 3393 273 3460 corde
288 3406 377 3460 terrae
404 3393 507 3462 tribur
522 3392 627 3461 diulus
650 3392 689 3467 ὕ
710 3393 812 3461 trr'irrs
831 3384 1008 3461 nullibus.
1037 3388 1122 3462 Hoc
1148 3386 1199 3465 est

136 3509 224 3585 ergo
242 3489 397 3585 signum,
422 3492 482 3564 ubi
498 3489 607 3584 Jonas
625 3491 847 3581 videbatur.
866 3491 900 3563 ἃ
918 3487 1201 3563 Christuaintel·
1256 3532 1265 3571 .

117 3590 323 3683 -ligebatun
365 3588 542 3678 Similiter
559 3591 592 3662 dr
609 3591 654 3664 de
673 3590 751 3682 ipso
767 3590 929 3665 Domino
947 3594 984 3665 in
999 3589 1201 3683 Evangelio

136 3690 288 3762 dicitur:
326 3690 399 3761 Ecce
415 3693 467 3760 hic
486 3690 650 3787 poitusefl
667 3696 705 3759 in
718 3696 868 3777 ruinam,
894 3690 932 3767 (5
950 3695 986 3759 in
1001 3686 1201 3779 resurrcfiiu·

135 3815 206 3864 mem
221 3793 410 3876 multorum,
433 3791 471 3865 (5
489 3816 524 3859 m
538 3790 675 3883 fignum,
701 3798 752 3859 cui
767 3792 1009 3865 contradicatur.
1042 3786 1200 3865 Oontrt·

135 3891 322 3966 dicebatur
340 3892 432 3962 enim
451 3886 570 3984 signu,
589 3892 626 3963 in
645 3909 719 3981 quo
739 3887 897 3964 Christus
914 3903 1089 3983 venerat,
1118 3889 1201 3979 qula
1249 3847 1268 3998 i

133 3990 233 4066 aliud
249 3990 287 4063 in
306 4008 354 4068 eo
373 3989 594 4086 videbatur.
610 3980 756 4170 &iliud
774 3991 1055 4093 intelligebatur.
1104 3987 1210 4064 caru

711 4112 734 4190 3
1045 4106 1183 4166 cerue-
