2825 4559
179 253 249 430 nn
327 263 1081 448 'naronntcconnrrnrnn
1164 296 1167 302 ’

76 566 77 574 Ν
179 496 299 572 ximus
320 490 467 567 Paulum
486 511 584 564 nunc
602 510 672 585 pro
696 490 896 587 Gentibus,
922 515 1019 568 nunc
1044 497 1152 572 etiam
1181 516 1251 592 pro

180 593 289 670 lsrael
308 591 427 664 fecere
446 589 658 668 sermonem.
714 593 809 689 Quia
824 613 911 690 ergo
930 597 965 670 in
981 595 1058 688 his,
1083 616 1164 689 quae
1187 609 1252 670 nu-

181 712 248 789 per
271 690 434 784 expofita
452 688 553 777 sunt,
579 693 699 766 multis
715 692 925 767 testimoniis
942 692 1126 782 adversum
1142 693 1252 770 lsrael

182 791 266 866 usus
286 790 337 864 est
352 790 628 882 Prophetarum,
642 793 692 865 ita
708 807 749 864 ut
765 792 949 885 proferret
966 795 1011 867 de
1028 792 1149 869 Esaiat'
1176 795 1272 892 Νι“]ῑΙ

183 897 345 966 Dominus
364 889 504 961 Sabaoth
524 889 698 986 reiiqarffit
716 895 806 962 nobis
822 894 941 988 semen,
961 894 1188 989 ficretSedama
1199 895 1255 986 fa·

183 991 231 1066 tii
249 987 393 1086 affinius,
420 986 459 1066 (7
475 991 559 1085 ficret
587 994 764 1064 Gomorrha
780 989 898 1088 stmiiei
918 991 1106 1086 furffimmc
1133 993 1255 1068 &ite-

182 1101 284 1184 mm:
307 1095 347 1163 Si
368 1089 478 1182 suerit
502 1114 655 1162 numerus
673 1091 821 1180 filioram
850 1093 946 1181 Israel
970 1112 1123 1192 tanquam
1148 1119 1254 1166 arena

184 1197 303 1279 maris,
327 1194 466 1286 reliquia
478 1191 693 1284 fialvaeficnr:
719 1191 754 1265 oc
775 1193 829 1265 his
850 1193 967 1279 addit,
996 1195 1077 1285 quia
1096 1193 1193 1283 Israel
1205 1195 1256 1285 se·

81 1345 86 1356 .
183 1291 276 1368 &cnr
298 1293 389 1384 legem
407 1290 552 1387 justitia,
580 1298 615 1361 in
639 1293 731 1384 legem
755 1299 821 1365 non
842 1298 1016 1382 pervenit:
1051 1307 1255 1387 propterea

182 1413 283 1468 nunc
305 1388 488 1492 consolari
504 1386 620 1465 rursus
642 1393 816 1485 populum
834 1390 933 1464 suum
951 1392 1105 1486 volens,
1131 1393 1168 1465 ot
1187 1413 1254 1486 per

182 1496 257 1569 hoc
278 1494 433 1564 invitare
454 1491 496 1562 ed
513 1486 644 1583 fidem,
672 1490 777 1564 dicit':
805 1493 949 1577 Fratres,
958 1493 1110 1564 voluntas
1125 1498 1254 1589 quidem

183 1595 281 1664 cordis
301 1596 373 1675 mei,
394 1589 432 1665 Θ
449 1590 610 1678 obsecratio
624 1594 706 1686 apud
727 1595 830 1662 Deum
845 1594 885 1681 fit
896 1613 954 1687 pre
969 1594 1037 1662 iilic
1052 1598 1089 1662 in
1096 1593 1252 1682 staterem.

180 1691 232 1766 Et
249 1689 409 1782 caesam,
436 1710 499 1761 cur
519 1692 690 1764 voluntas
709 1687 768 1765 sua
792 1692 826 1765 ἃ
851 1689 1054 1765 obsecratio
1080 1713 1150 1785 pro
1177 1695 1253 1767 iltis
1277 1693 1281 1702 '

180 1791 276 1887 apud
295 1790 411 1864 Deum
427 1791 621 1882 habeatur,
649 1788 816 1888 ostendit.
846 1785 1069 1886 ‘Testimonium
1084 1798 1182 1880 emm,
1196 1797 1251 1868 in·

181 1893 423 1984 quit,perbiien
443 1893 519 1974 iilis,
537 1894 616 1987 quod
631 1892 858 1962 emulationem
874 1895 995 1987 quidem
1016 1896 1079 1963 Dei
1096 1889 1252 1982 habeant,

113 2029 124 2052 .
175 1993 229 2084 scd
250 1990 678 2086 nonsecuniumscientiam.
729 1991 927 2088 Quamvis,
954 1993 1091 2083 inquit,
1125 2005 1189 2064 tot
1216 1994 1252 2066 ἀ

178 2090 287 2164 tantis
310 2090 469 2161 involuti
488 2086 554 2160 sint
569 2103 804 2186 peccatorum
823 2085 966 2164 suorum
984 2090 1099 2180 malis,
1125 2103 1253 2166 tamen

177 2191 229 2264 est
244 2193 294 2262 eis
312 2186 502 2261 ineffabilis
520 2191 619 2262 zelus
637 2187 862 2262 &aemuiatio
880 2189 959 2262 Dei.
1013 2186 1060 2263 Et
1085 2192 1163 2263 haec
1189 2214 1253 2267 me

180 2291 385 2362 commovit
404 2285 506 2359 causa
522 2285 712 2361 obsecrare
726 2286 844 2362 Deum
861 2309 927 2381 pro
944 2287 1112 2390 ipsrs‚·ut
1129 2294 1191 2364 vel
1212 2294 1253 2366 in

176 2386 251 2462 fine
269 2388 460 2479 aliquando
479 2391 694 2480 perveniant
714 2386 929 2462 adsalutem.
983 2385 1130 2462 Habent
1150 2393 1254 2467 enim

176 2493 294 2563 zelum
316 2489 405 2579 Dei,
434 2484 493 2561 sed
509 2507 586 2561 non
600 2485 792 2560 secundum
810 2486 1003 2561 scientiam.
1031 2483 1079 2559 Et
1096 2492 1252 2584 probat,

176 2589 367 2682 quomodo
390 2605 466 2660 non
490 2585 683 2661 secundum
707 2584 887 2660 scientiam
906 2588 1023 2661 zelum
1046 2586 1114 2659 Dei
1135 2590 1251 2666 habe·

177 2704 261 2761 ant:
288 2689 369 2778 quie
386 2693 580 2779 ignorantes,
596 2689 724 2777 inquit,
745 2691 808 2757 Dei
817 2686 994 2781 justitiam,
1018 2685 1161 2778 justitie
1177 2686 1252 2761 suae

175 2791 441 2876 obtemperant.
492 2783 583 2858 Non
600 2787 752 2858 muitum
768 2806 855 2882 ergo
871 2782 1016 2879 prodest
1034 2786 1169 2860 habere
1185 2810 1253 2862 ze·

173 2887 248 2959 lum
266 2886 352 2968 Dei,
380 2886 414 2955 iit
434 2905 509 2958 non
527 2885 660 2956 habere
676 2883 857 2959 scientiam
872 2888 952 2957 zeii.
991 2885 1163 2975 Denique
1179 2889 1250 2982 Ju-

174 2985 241 3058 daei
265 2999 432 3075 putantes
459 2981 496 3055 se
513 2984 596 3055 zelo
611 2982 681 3055 Dei
702 3004 827 3078 agere,
855 2982 1009 3078 sacrilegi
1027 2982 1250 3061 exstiterunt

174 3087 211 3158 in
229 3084 355 3157 Filium
374 3083 465 3156 Dei:
501 3082 583 3173 quia
608 3102 684 3155 non
710 3081 902 3155 secundum
927 3080 1107 3155 scientiam
1133 3087 1249 3160 zelati

172 3179 366 3273 sunt‚s1cnt
383 3181 535 3255 Phineee
552 3177 644 3255 fiiiut
662 3178 838 3273 Eleazari,
849 3183 906 3271 qui
923 3179 1112 3254 secundum
1130 3179 1251 3260 scien·
1279 3187 1284 3193 '

171 3288 257 3356 tiam
283 3285 418 3354 zelatus
445 3282 629 3356 interemit
655 3280 890 3355 Madianitem
912 3280 1248 3372 paritertrlsraeli·

169 3398 242 3457 tarn
259 3383 500 3455 fornicantem
518 3400 599 3454 cum
617 3402 676 3452 ea:
704 3379 738 3452 &
762 3379 849 3453 ficut
875 3377 1019 3470 Helias,
1047 3381 1105 3469 qui
1127 3383 1246 3458 dixit:

174 3483 287 3554 Zrimi
317 3483 442 3552 aeturus
463 3480 533 3569 sum
558 3485 694 3551 Domino
709 3486 917 3574 omnipotente
936 3484 1002 3550 Deo
1021 3480 1133 3567 lsrael,
1161 3491 1245 3579 quia

132 3669 135 3676 Ι
162 3584 406 3679 'dereliquerunt
422 3580 530 3670 tefllii
548 3581 660 3666 lsrael,
691 3583 861 3675 Prophetas
879 3596 946 3649 tuos
964 3581 1167 3668 occiderunt,
1196 3587 1244 3670 θ’

128 3679 137 3702 ’
166 3684 290 3754 alteria
306 3698 364 3750 tua
379 3681 622 3765 subverterunt:
651 3680 684 3753 δί
711 3678 800 3752 ficut
825 3679 1063 3770 Mathathias,
1089 3679 1134 3751 de
1161 3700 1242 3773 quo

167 3785 205 3856 in
227 3783 344 3873 primo
367 3778 463 3852 libro
482 3773 778 3874 Machebaeorum
802 3770 1060 3872 scriptumest,
1087 3782 1168 3868 quia
1182 3808 1241 3854 ze.

164 3879 251 3953 latur
265 3882 303 3975 esi
319 3886 355 3949 in
370 3881 430 3972 lege
451 3883 532 3966 Dei,
551 3875 589 3954 Θ
606 3885 844 3948 intremuerunt
864 3904 951 3948 renes
968 3882 1052 3973 eius,
1074 3876 1114 3954 U
1128 3882 1240 3967 ascen.

158 3982 323 4086 diesceret
339 3983 407 4078 ejus
416 3978 585 4070 secundum
596 3976 764 4079 judicium.
792 3976 936 4054 Horum
951 3979 1111 4055 omnium
1129 3981 1236 4150 ²5⁰⁸
