2825 4559
213 405 298 491 '204
389 383 667 474 O'RIGENIS
706 393 1120 476 COMMENTAR.

167 585 168 596 ¹
223 559 463 657 Unigenitum
479 559 576 633 suum
596 579 664 653 pro
678 565 868 654 impiorum
885 560 1137 654 redemptione
1152 562 1294 638 traden-

225 661 287 734 do.
324 659 413 733 Cum
435 662 529 734 enim
544 662 607 733 vix
624 662 747 752 aliquis
767 681 834 750 pro
847 661 943 755 justo
961 664 1155 740 moriatur,
1180 662 1213 735 δι
1228 665 1292 737 du.

221 763 316 833 bitet
333 761 577 852 unusquisque
594 775 754 835 mortem·
767 760 899 858 subire,
927 764 1034 833 mium
1052 759 1076 834 sa
1091 764 1218 834 mortis
1237 763 1291 857 ju-

222 858 275 934 st'a'
294 860 336 933 fit
352 859 472 948 causa,
498 872 650 951 quantus
666 861 717 934 est
732 861 845 952 inq&
860 862 1010 934 charitas
1029 863 1103 950 ejus
1122 882 1205 958 erga
1221 884 1290 936 nos

224 953 554 1052 quanta⁵pensanda
572 959 635 1046 est,
654 961 713 1052 qui
731 960 923 1033 secundum
940 962 1027 1032 illud
1043 976 1197 1052 tempus,
1215 984 1289 1053 quo

222 1059 337 1155 pallus
360 1057 443 1150 est,
458 1075 528 1152 pro·
543 1062 658 1151 impiis
677 1059 711 1133 dt
729 1060 863 1155 injustis
882 1075 1036 1132 mortem
1053 1063 1191 1152 perpeti
1213 1083 1290 1136 non

224 1157 385 1255 refugit?
412 1157 463 1231 ln
474 1177 547 1250 quo
568 1161 693 1249 utique
711 1161 848 1234 summae
863 1162 955 1231 iilius
973 1160 1103 1233 divine
1119 1164 1293 1235 bonitatis

223 1259 395 1332 indicium
410 1256 477 1330 eui·
505 1258 600 1334 -Nili
619 1263 711 1331 enim
729 1258 816 1333 esset
831 1261 890 1333 hic
903 1281 947 1348 ex
966 1261 1024 1330 iila
1043 1260 1194 1332 veniens
1213 1261 1291 1334 sub-

170 1406 173 1412 ·
221 1357 373 1456 stantia,
408 1357 559 1432 &iliius
586 1357 710 1431 Patris·
727 1353 858 1453 Filius,
890 1359 1035 1451 dequo
1062 1358 1190 1434 ditium
1218 1361 1292 1451 est,

223 1464 303 1550 qula
327 1457 553 1540 nemobonus,
577 1459 637 1554 nifi
653 1487 737 1529 unua
755 1465 843 1532 Deus
862 1463 975 1544 Pater,
1003 1455 1138 1535 tentam
1164 1463 1290 1551 utique

220 1569 304 1655 erga
322 1580 391 1633 nus
415 1557 617 1633 bonitatem
641 1581 717 1635 uon
736 1559 907 1654 potuiiiet
926 1559 1128 1633 ostendere.
1180 1559 1291 1633 Unde

222 1680 304 1751 quta
328 1677 374 1730 ex
395 1659 470 1732 hoc
494 1659 604 1731 tante
626 1659 800 1734 bonitatis
823 1659 959 1734 indicio
975 1657 1048 1752 ipse
1069 1656 1137 1731 elle
1158 1657 1292 1756 hic‘ag-

222 1760 384 1832 noscitur
397 1761 531 1847 bonus,
547 1779 616 1852 pro
633 1762 706 1833 hoc
723 1763 826 1833 bono
847 1759 994 1832 forsitan
1011 1753 1088 1849 quis
1101 1759 1141 1832 ¹&
1161 1755 1291 1833 audeat

221 1861 328 1936 mori.
362 1855 453 1931 Cum
464 1859 563 1931 enim
582 1859 807 1952 cognoverit
819 1862 1063 1949 unusquisque
1081 1874 1216 1931 tantam
1237 1880 1290 1930 eu·

204 1967 266 2055 gh
281 1957 316 2030 fe
331 1958 532 2030 bonitatem
550 1957 699 2050 Christi,
727 1961 1009 2048 charitatemque
1025 1958 1100 2048 ejus
1125 1959 1291 2038 habuerit

221 2059 260 2131 in
281 2057 392 2130 corde
409 2054 590 2147 diffusam,
606 2059 609 2064 ’
625 2079 698 2132 uon
727 2057 845 2130 solum
866 2060 958 2132 mori
985 2078 1053 2151 pro
1076 2058 1149 2131 hoc
1171 2059 1289 2149 bono,

222 2156 284 2232 fed
304 2156 338 2226 da
356 2154 519 2227 audatier
539 2158 630 2230 mori
648 2159 870 2238 desiderabit.
911 2159 1022 2254 Quod
1035 2159 1143 2230 rebus
1155 2159 1236 2248 ipsis
1256 2161 1298 2230 ἃ

137 2273 140 2278 ·
224 2259 393 2349 operibus
415 2254 504 2348 saepe
522 2257 687 2330 videmus
705 2259 867 2350 impleri,
895 2279 974 2329 cum
999 2259 1054 2337 hi,
1078 2260 1113 2328 in
1136 2276 1290 2346 quorum

223 2357 393 2430 cordibus
415 2356 636 2430 abundanter
655 2356 777 2429 diffusa
797 2357 848 2430 est
864 2358 1017 2428 charitas
1032 2355 1290 2449 Christi,spon·

108 2541 111 2548 ,
190 2491 197 2506 ’
221 2472 260 2531 te
277 2456 431 2528 etiam&
449 2476 529 2530 cum
547 2458 644 2532 omui
663 2459 806 2528 audacia
830 2456 1035 2549 semetipsos
1052 2455 1291 2548 persecutori·

130 2588 133 2593 ’
221 2557 289 2629 bus
315 2553 498 2645 offerunt,
532 2556 725 2631 &nornen
753 2555 901 2638 Christi,
936 2557 1103 2630 audiente
1128 2556 1289 2649 mundo,

221 2669 343 2732 coram
364 2654 508 2751 Angelis
529 2655 562 2726 dr
584 2657 790 2731 hominibus
816 2653 1056 2745 confitentur,
1082 2669 1214 2728 utnon
1236 2654 1290 2727 so-

218 2757 293 2831 lum
313 2756 472 2850 injuriam
491 2757 561 2847 pati
580 2777 647 2848 pro
663 2758 811 2829 nomine
832 2760 922 2848 ejus,
935 2755 1198 2829 sedbmortem
1214 2776 1283 2847 pro

218 2857 295 2934 hoe
317 2851 421 2926 bono
449 2853 566 2926 iiabire
588 2856 762 2940 audeant,
791 2877 893 2946 quam
922 2857 984 2926 vix
1008 2875 1076 2946 pro
1088 2855 1183 2947 Justo
1206 2856 1284 2945 quis

223 2953 369 3052 perfert.
392 2953 467 3028 ,Est
484 2955 577 3026 enim
595 2977 696 3028 amor
716 2959 799 3026 vite
817 2957 919 3048 hujus
936 2971 1080 3044 tantus,
1107 2973 1148 3028 ut
1166 2957 1289 3045 etiam,

225 3073 307 3127 cum
334 3051 422 3148 justa
448 3051 549 3124 caulb
573 3058 702 3128 mortis
726 3055 941 3146 advenerit,
967 3056 1028 3127 vix
1047 3057 1291 3145 unusquisque

222 3168 379 3229 mortens
397 3154 576 3246 patienter
594 3157 755 3245 accipiat.
795 3153 891 3250 Justa
907 3169 1024 3227 autem
1041 3154 1140 3227 caufa
1159 3153 1288 3228 mortis

221 3254 393 3344 videtur,
420 3272 501 3328 eum
522 3269 657 3324 naturae
679 3256 759 3348 iege
784 3253 962 3326 defertur:
991 3256 1024 3325 dt
1050 3258 1211 3345 quamvis
1232 3255 1287 3344 ju·

220 3352 312 3427 stum
330 3353 371 3426 stt
387 3352 600 3426 conditione
618 3354 868 3443 mortaiitatis,
898 3357 958 3425 vix
974 3370 1092 3426 tamen
1112 3351 1289 3447 ampletli-

221 3466 281 3525 tur
297 3453 434 3523 animus
450 3466 584 3524 naturae
601 3456 739 3546 legibus
758 3453 900 3546 cedere.
959 3457 1025 3522 Vix
1040 3474 1126 3549 crgo
1142 3476 1197 3550 pro
1207 3455 1287 3550 juflo

222 3557 294 3651 quis
313 3559 462 3620 moritur.
505 3552 596 3625 Nam
617 3573 684 3646 pro
703 3555 805 3625 bono
822 3554 929 3625 audet
944 3558 1020 3643 quis
1037 3556 1152 3642 mori,
1180 3554 1210 3624 dt
1229 3575 1289 3625 au·

223 3649 342 3724 dabber
363 3653 570 3743 occumbit,
596 3653 773 3745 precipue
797 3651 820 3724 fr
842 3654 1043 3742 intellexit,
1071 3657 1175 3742 quia,
1203 3674 1288 3727 cum

149 3835 153 3840 ¹
222 3751 338 3823 adhuc
352 3748 542 3822 fecundum
561 3766 702 3846 ternpus
719 3752 816 3849 impii
833 3752 981 3824 ellemus
1003 3750 1191 3846 &infirmi,
1213 3753 1288 3846 ipse

157 3927 161 3944 Ι
247 3852 324 3921 rior
342 3870 410 3939 pro
429 3853 535 3923 nobis
553 3866 717 3924 mortuus
736 3850 795 3924 est.
851 3850 897 3923 Et
919 3854 1105 3943 quomodo
1125 3875 1199 3936 non
1226 3855 1287 3944 qul

220 3875 382 4023 decuti
406 3950 534 4024 abillo
561 3952 713 4044 prestita
738 3952 835 4045 prius
862 3950 932 4024 elie
957 3951 1165 4048 cognoscit,
1193 3974 1290 4025 mor-

146 4107 176 4151 ι
200 4061 297 4139 tem,
318 4068 428 4140 qoam
443 4053 624 4131 iilemalis
639 4050 1026 4151 impendit,hicbono
1041 4051 1192 4126 reddat?
1219 4056 1289 4167 ur.

1176 4173 1250 4246 qut·
