2825 4559
199 355 200 360 a
297 293 363 369 iit
389 291 561 372 arisi
587 251 918 367 annotinis
946 255 1047 367 tia.
1074 289 1119 367 x.
1172 249 1255 385 ris
1298 257 1302 277 ’

113 453 136 526 Ι
172 454 366 530 secundum
381 474 532 550 graecam
550 475 808 551 romanamque
821 453 987 551 proferri
1013 451 1120 547 Jason
1147 467 1258 526 vero·

113 557 241 644 'lille
256 554 327 648 est,
355 547 400 627 ile
425 576 498 646 quo
526 558 647 629 etiam
657 557 694 628 iii
709 553 857 627 Atlibus
873 552 1135 646 Apostolorum
1163 551 1229 625 scri

113 657 149 712 Ι
170 657 291 746 bitur,
318 655 417 745 quod
440 653 730 730 shelsalonicam
764 675 833 747 pro
855 652 968 726 Paulo
998 653 1125 725 &Sila
1154 649 1227 723 sedi

113 757 126 810 Ι
170 757 312 829 tionem
332 755 647 832 commoventibus
668 756 807 846 turbis,
835 751 1056 846 semetipsum
1083 752 1241 842 dederit
1249 763 1256 799 ‘

113 857 122 910 Ι
169 868 213 926 ιιι
228 852 411 945 Apostolis
431 852 632 927 discedendi
647 855 788 928 faceret
801 856 1017 926 libertatem.
1057 851 1239 941 Sosipater

113 953 338 1070 limoque,
366 957 425 1045 qui
447 955 527 1027 liis
515 956 696 1050 jungitur,
723 951 882 1048 suspicor
898 952 997 1043 quod
1013 949 1085 1045 lpse
1103 952 1157 1043 sit,
1176 951 1264 1052 quij.

113 1091 115 1108 ι
165 1075 205 1127 in
222 1050 370 1126 auibus
387 1055 648 1146 Apostolorum
674 1053 840 1127 scribitur
862 1054 1018 1149 Sofipaier
1036 1053 1158 1144 Pyrrh
1147 1055 1239 1121 ι-Βι

169 1154 293 1247 raenfii.
344 1154 413 1227 Sed
430 1156 489 1246 qui
508 1151 605 1226 Pauli
623 1155 744 1228 literas
762 1152 933 1227 curiosius
950 1166 1118 1242 tanquam
1126 1149 1238 1223 Chri·

164 1252 246 1328 sto
237 1273 273 1325 iii
292 1272 339 1325 eo
353 1256 527 1344 loquente
545 1253 768 1346 considerat,
792 1253 1005 1327 movebitur
1021 1251 1093 1324 sine
1109 1251 1236 1342 diibio,

163 1352 354 1446 quomodo
370 1352 519 1446 Paulus,
547 1355 659 1445 quise
680 1351 822 1428 Thaiso
843 1350 982 1428 Cilicie
1004 1367 1127 1423 natum
1153 1370 1237 1442 pro·
1266 1368 1274 1384 ⁸

162 1449 270 1526 sellus
290 1450 340 1524 est
355 1452 547 1527 Hebraeum
567 1475 612 1525 ex
627 1453 813 1546 Hebraeis,
840 1472 937 1525 nunc
965 1452 1026 1523 vel
1034 1433 1252 1522 'Timothei'
1272 1517 1275 1528 .

163 1549 358 1654 Derbensis
373 1553 463 1624 ciuis
483 1573 526 1625 eit
545 1569 647 1645 patre
663 1553 789 1647 gentili
814 1557 990 1648 cognatus
1010 1551 1071 1623 vel
1088 1548 1238 1622 consan-
1264 1592 1267 1598 -

163 1643 315 1745 g'uii'ieus
333 1649 404 1723 elle
419 1652 572 1743 dicatur,
586 1654 648 1724 uel
667 1651 807 1746 Jasonis
823 1648 1161 1739 Thessalonicensis,
1174 1648 1238 1721 vel

163 1751 354 1842 Sosipatris
373 1750 498 1843 Pyrrhi
519 1750 718 1826 lleroensis
771 1750 926 1849 Quodsi
950 1770 1019 1843 pro
1038 1770 1085 1822 eo
1111 1748 1237 1862 aliquis

166 1851 283 1938 dicat,
313 1854 393 1941 quia
413 1852 521 1923 etiam
539 1851 602 1944 ipfi
618 1852 780 1944 qualibet
796 1871 839 1923 eii
856 1867 959 1944 parte
983 1869 1028 1922 eir
1050 1849 1238 1923 eircumci-

166 1947 267 2022 sione
285 1949 501 2023 veniebant:
527 1971 604 2023 non
630 1969 719 2047 ergo
743 1952 913 2045 oportuit
938 1950 983 2022 de
1005 1950 1059 2022 his
1077 1947 1236 2042 speciali·
1245 1971 1247 1976 ·

166 2061 224 2121 ter
241 2049 378 2143 dicere,
405 2039 477 2123 sed
488 2051 521 2123 sa
545 2046 590 2124 de
613 2053 803 2145 omnibus,
830 2054 888 2143 qui
907 2071 951 2123 ex
970 2049 1237 2143 judaismus,

170 2150 269 2237 quod
288 2148 400 2222 essent
416 2151 562 2246 cognati
577 2148 687 2224 Pauli
739 2151 851 2224 Nunc
873 2170 966 2223 vero
991 2168 1073 2221 eum
1096 2150 1246 2220 caeteris

163 2265 389 2334 nequaquam
414 2250 488 2321 hoc
514 2270 650 2323 nomen
676 2249 881 2344 indulgeat,
909 2252 1077 2323 hisvero
1104 2246 1246 2320 &aliis

164 2346 349 2417 nonnullis
370 2335 564 2438 adscribat,
592 2361 731 2422 certum
749 2349 814 2440 est,
826 2367 910 2423 'eum
928 2350 1030 2422 aliam
1047 2346 1244 2439 quamdam·

166 2444 427 2537 cognationem
440 2448 647 2539 nominare,
674 2447 826 2540 quaesibi
849 2470 929 2520 ciim
946 2445 1170 2536 Timotheo,
1198 2444 1233 2517 dt

166 2542 288 2633 Luca,
317 2545 463 2635 aliisque
478 2549 600 2639 paucis
617 2548 748 2622 horum
765 2548 932 2622 similibus
957 2547 1158 2621 communis
1176 2546 1236 2617 ha·

167 2644 316 2715 beatur:
343 2664 448 2735 quain
470 2649 728 2742 cognationem
742 2648 815 2720 'vel
827 2646 1172 2741 consanguinitatem
1189 2663 1243 2718 ex·

156 2744 226 2814 illa
244 2742 316 2816 sine
334 2746 446 2816 dubio
462 2743 547 2818 sciat
562 2745 623 2819 sibi
642 2759 723 2821 cum
738 2748 791 2822 his
809 2749 1028 2839 paternitate
1046 2743 1243 2817 descende·

164 2860 229 2935 re,
257 2844 302 2917 de
320 2862 389 2934 qua
405 2843 441 2917 in
457 2848 529 2919 alio
545 2847 634 2920 loco
651 2848 756 2921 dicit:
791 2851 860 2917 Hac
873 2850 958 2916 enim
971 2846 1062 2934 crusii
1076 2871 1174 2916 curvo
1187 2869 1238 2936 ge·
1237 2871 1239 2876 ·

168 2965 235 3013 aaa
251 2967 318 3015 mea
334 2946 376 3013 ad
394 2947 521 3017 Patrem
536 2951 672 3019 Domini
684 2946 783 3043 nostri
799 2944 881 3044 Jasu
901 2941 1034 3042 Clriifti‚
1042 2946 1081 3021 (ἵ
1096 2971 1154 3042 quo
1175 2970 1237 3011 om

167 3050 220 3113 aiis
236 3050 418 3138 paternitas
439 3052 483 3116 in
489 3050 558 3118 culo
574 3047 644 3123 δ
630 3071 666 3117 ιιι
683 3064 771 3121 terra
784 3054 985 3119 nominatur.
1035 3044 1184 3117 Sciens
1176 3045 1240 3142 ιςί-Ι
1266 3043 1268 3050 '

167 3156 228 3214 tut
244 3140 314 3215 esse
333 3143 484 3235 aliquam
500 3147 753 3246 paternitatem
768 3150 805 3222 in
821 3149 938 3238 coelo,
964 3144 1055 3219 sicut
1076 3131 1127 3225 est
1151 3143 1208 3213 dr
1199 3164 1242 3216 iri

170 3254 283 3327 terra,
318 3256 458 3340 certum
481 3246 552 3340 est,
571 3241 679 3338 quod
704 3246 815 3328 istos,
840 3250 900 3363 qui
927 3246 989 3326 sibi
1012 3263 1238 3360 nequaquam

167 3338 364 3415 secundum
387 3349 644 3439 cognationem
667 3348 892 3439 paternitatis
915 3361 1069 3419 terrene
1083 3347 1239 3437 jungun-

168 3455 229 3514 tur
234 3438 364 3556 ,jungi
382 3441 443 3515 sibi
460 3460 616 3518 noverat
633 3445 827 3522 secundum
844 3447 1101 3543 cognationem
1120 3457 1236 3534 pater·

159 3541 293 3615 ‘nitatis
312 3541 473 3619 coelestis.
524 3543 574 3616 Et
588 3545 673 3618 ideo
691 3565 758 3620 eos
774 3560 973 3644 cognitos,
1000 3545 1034 3619 u
1051 3557 1241 3635 concepti

174 3660 244 3714 vos
260 3653 395 3730 vocat,
423 3645 456 3715 δι
480 3645 684 3737 adjutores3
711 3659 845 3738 utpote
867 3667 948 3719 cum
975 3646 1103 3736 quibus
1130 3661 1238 3716 unam

119 3786 121 3790 -
172 3740 216 3812 ad
236 3741 587 3862 evangelizandum
579 3747 836 3843 cognationem
862 3737 1028 3818 nascendi
1051 3742 1149 3817 sorte
1168 3738 1239 3813 sus

172 3841 334 3932 ceperit,
362 3842 395 3914 ἃ
413 3845 665 3962 captivitatem
678 3843 800 3918 mundi
820 3846 923 3936 liujus
941 3843 1145 3936 Babylonia
1159 3861 1243 3932 per·

174 3938 327 4016 serendi.
373 3943 488 4020 Autsi
506 3947 581 4042 quis
597 3945 767 4127 ιικοέιῗιι
784 3947 845 4019 tali
863 3946 1012 4040 quadani
1030 3942 1243 4107 ιιοροίοξίί
1313 4015 1329 4060 ,ἱ

283 4091 294 4102 .
550 4084 552 4092 -
760 4069 787 4141 4
1116 4060 1216 4131 qa
1311 4107 1328 4210 1
