2825 4559
131 439 136 448 ⁴
175 393 178 398 ·
268 351 344 429 ru
368 239 693 426 reisr'oras
717 341 896 470 paeri
921 339 1111 452 peuri.
1153 343 1233 442 jasa

167 509 324 605 edisserat,
350 512 389 589 (5
404 515 533 586 audivit
548 510 642 580 verba
659 491 834 601 &effabilia
857 533 922 606 qua
937 508 1092 578 nonlicet
1109 506 1234 573 hunrrui

164 621 259 713 loqui.
302 616 375 686 Alii
395 593 489 688 enidr
507 607 764 705 proficienter,
793 611 845 694 u,
871 624 911 680 ut
927 610 976 678 ita
994 606 1128 691 dicam,
1155 625 1233 699 gra.

143 711 306 790 ‘dientes
330 712 532 804 rid-majora
555 709 788 796 crescebant,
816 710 935 781 donec
960 705 1109 793 fierent,
1131 705 1235 795 juxta

164 817 202 889 id
227 813 325 906 quod
349 812 516 903 seriptum
531 810 608 894 est,
634 805 742 902 magni
757 815 850 880 vaide
864 814 982 891 alimur
1008 805 1234 901 &quosdam

163 917 201 990 in
219 916 347 986 coeluru
365 908 559 1005 assumptos
578 911 738 1006 legimur.
792 907 919 981 Paulus
942 919 1059 979 autem
1082 930 1143 980 vas
1164 910 1235 979 ele-

166 1014 295 1088 diionia
317 1015 353 1085 iu
376 1014 520 1085 tertium
546 1014 674 1084 coelum
697 1024 821 1100 raptus
838 1008 1016 1097 ascendit,
1044 1006 1232 1083 &idcirco
1299 1007 1318 1096 ζ

167 1115 307 1186 audivit
333 1113 446 1184 verba
470 1108 677 1184 ineffabilia.
729 1108 934 1206 Quomodo
950 1121 1068 1183 autern
1089 1113 1145 1200 hi,
1172 1115 1233 1200 qui

165 1216 354 1306 rapiuntur
379 1216 417 1281 iu
441 1214 596 1298 nulibus,
623 1210 807 1301 rapiantur
830 1211 953 1278 obvium
981 1210 1125 1304 chrisio,
1156 1216 1234 1282 oili.

166 1316 308 1408 gentius
333 1312 651 1403 contemplandum
675 1303 736 1383 eli„
789 1307 926 1382 Sciirua
947 1310 1060 1382 nuber
1077 1310 1234 1400 Prophe·

167 1427 242 1505 raa,
270 1411 398 1504 quibus
423 1411 595 1504 precepit
618 1410 718 1484 Deua
745 1428 792 1481 ne
816 1409 983 1498 pluerent
1005 1406 1107 1500 super
1125 1410 1232 1485 israe·

167 1513 239 1587 lem
262 1511 434 1601 imlaeern,
460 1511 603 1602 quando
620 1509 864 1600 impleverunt
878 1507 1077 1585 mensuram
1096 1532 1251 1603 patrum·

166 1609 330 1696 suorum,
355 1608 497 1683 &india
513 1609 564 1680 eil
583 1609 659 1681 Lex
676 1611 707 1679 h
727 1605 917 1698 Prophetae
941 1607 1048 1698 usque
1068 1612 1110 1681 ad
1126 1612 1251 1703 joan-¹
1314 1645 1322 1658 ··

166 1731 249 1786 nem
268 1709 471 1803 Baptistam.
511 1705 559 1779 Et
579 1710 660 1798 quia
680 1706 778 1779 Deus
798 1707 917 1799 posuit
935 1709 971 1780 in
993 1707 1149 1784 Ecclesia
1167 1718 1234 1801 pri·

165 1829 263 1887 mum
272 1809 495 1905 Apostolos,
513 1808 673 1881 secundo
691 1807 910 1898 Prophetas,
930 1828 1005 1881 nou
1023 1807 1134 1884 solum
1152 1810 1234 1884 Pro-

166 1912 307 2005 phetae,
334 1907 392 1982 sed
419 1910 453 1981 dr
477 1908 644 2001 Apostoli
669 1909 784 1980 nuber
807 1910 1030 2002 intelligendi
1056 1910 1164 1986 sunt..
1198 1917 1235 1988 Si

169 2014 248 2101 quir
263 2012 369 2105 igitur
384 2011 521 2103 rrpirur
540 2018 581 2082 ad
600 2006 800 2098 Christum,
825 2005 983 2081 ascendit
998 2011 1102 2098 super
1117 2017 1234 2088 nubea

166 2107 274 2204 Legio
290 2108 323 2181 dr
339 2108 545 2207 Evangelii·
571 2109 675 2200 super
691 2101 888 2199 Prophetas
904 2108 1173 2205 dr'Apostolos:
1201 2117 1239 2187 di
1316 2183 1318 2188 .

169 2207 350 2300 assumptis
377 2211 439 2281 alis
467 2213 664 2300 columbe,
698 2226 898 2299 eorumque
922 2209 1082 2296 dolirina
1108 2214 1151 2285 ad
1176 2237 1234 2287 ex·

170 2307 262 2380 celsa
279 2307 455 2397 sublatur,
480 2311 659 2398 occurrit,
686 2327 764 2379 non
788 2306 972 2394 deorsum,
999 2310 1057 2383 sed
1079 2314 1114 2386 io
1143 2307 1235 2399 aere,

169 2405 385 2496 &spirituali
405 2408 639 2502 intelligentia
654 2403 927 2499 scripturarum.
958 2412 1164 2486 occurrere
1180 2439 1238 2491 au·

168 2518 243 2577 tem
260 2506 296 2576 in
313 2503 571 2595 spiritualibus,
591 2507 624 2577 dr
642 2520 787 2580 terrena
805 2509 1005 2583 dimittens.
1032 2511 1107 2586 five
1123 2516 1181 2588 ille
1195 2519 1238 2592 lit

168 2605 372 2696 dormiens,
398 2603 471 2678 sive
488 2608 524 2678 in
540 2603 683 2677 Christo
698 2623 885 2694 mortuus,
912 2608 985 2682 five
1003 2613 1133 2686 vivens
1151 2618 1183 2687 dr
1201 2621 1236 2692 in

169 2706 264 2777 iilius
293 2704 511 2796 presentiam
538 2703 760 2794 reservatur,
794 2705 931 2799 semper
954 2730 1034 2784 curn
1063 2714 1127 2784 illo
1152 2721 1234 2811 erit,

170 2803 203 2876 dr
223 2803 427 2896 perfruetur
446 2804 575 2879 Verbo
592 2804 684 2896 Dei,
711 2800 954 2898 &sapientia‚
980 2814 1157 2908 veritate,
1184 2833 1238 2893 at.

164 2910 237 2997 ‘que
255 2901 399 3001 justitia.
1238 2937 1240 2948 ·

171 3046 291 3128 ude:

437 3170 523 3248 ,E'X
553 3172 697 3241 LIBRO
725 3171 959 3243 ORIGENIS

279 3285 345 3364 IN
394 3285 734 3376 EPIS'POLAM
782 3287 862 3363 AD
914 3289 1124 3374 TITUM.

363 3425 404 3482 Eu
422 3424 553 3497 Apologia
570 3424 702 3495 Pamphili
719 3426 840 3493 martyris
858 3443 907 3516 pro
924 3430 1051 3497 origene

125 3605 130 3612 .
171 3532 231 3621 De
247 3554 294 3608 eo
310 3539 492 3632 capitulo,
511 3538 608 3628 quod
627 3537 714 3611 dicit
731 3539 950 3633 Apostolus:
981 3549 1171 3620 Haerericum
1185 3552 1239 3623 hu·

194 3643 314 3712 minem
325 3639 387 3735 posi
401 3663 497 3711 uuam
512 3643 732 3733 correptionem
749 3643 869 3728 devitu,
878 3650 982 3733 sciens
997 3653 1071 3747 quio
1085 3670 1210 3742 perver-

284 3742 345 3832 sus
357 3739 407 3838 esi,
423 3745 461 3814 (5
473 3756 589 3835 peccat,
605 3743 660 3836 qui
676 3739 716 3838 esi
729 3767 748 3809 a
759 3742 916 3839 semetipso
933 3747 1112 3825 damnatus.

219 3897 352 3972 lomen
371 3898 530 3989 heresis,
558 3913 729 3988 quantum
747 3921 816 3997 ego
833 3902 1104 3996 deprehendere
1117 3917 1235 4006 potui,

175 4057 197 4101 .·
269 4001 376 4080 eriam
400 4003 438 4078 in
459 3998 621 4099 Epistola
642 4002 686 4080 ad
707 4001 922 4083 Corinthios
942 4005 1241 4187 ⁶⁶⁰⁸¹¹Q9⁹

733 4274 752 4337 J
