2825 4559
179 374 253 444 522
344 334 1080 453 oauouuis'connuurru.
1169 368 1173 381 ·

180 537 306 587 carnem
323 521 362 590 U
376 516 581 609 fungum,
600 515 654 611 sed
669 516 820 602 aduersus
841 518 1039 612 principatus
1060 514 1102 591 (5
1118 516 1250 614 posesso-¹

181 632 248 701 trs,
274 616 424 702 aduersus
444 619 559 685 mundi
579 617 677 703 buius
700 615 832 686 ratium
853 617 1075 705 tenebrarum,
1100 617 1259 711 adverset

178 716 342 809 spiritalia
359 706 513 812 nrq'uitiae
527 720 564 785 in
580 716 753 812 coeiefliius.
805 711 853 788 Et
866 731 1015 790 certum
1042 714 1118 810 est,
1156 716 1254 809 quod

180 812 236 886 isti
254 835 398 903 omnes,
424 814 514 889 ficut
531 816 761 891 adversantur
777 813 862 889 fidei
882 816 916 885 dr
930 815 1097 891 resistunt
1110 816 1254 909 pietati,

179 914 272 987 sicut
293 916 467 988 contrarii
493 913 573 987 sunt
592 915 756 1012 justitie,
782 916 817 987 dt
836 915 1005 1007 veritati,
1032 915 1068 989 u
1083 918 1253 989 omnibua

179 1017 310 1097 bonis,
326 1017 376 1087 ita
390 1014 463 1088 sinc
478 1016 591 1087 dubio
605 1014 768 1089 resistunt
784 1012 816 1087 u
832 1014 1066 1089 adversantur
1079 1017 1253 1091 orationi.

179 1113 230 1189 Et
252 1115 338 1188 ideo
363 1112 520 1188 ostendit
538 1114 688 1203 Paulus,
714 1113 784 1188 esse
800 1135 876 1188 non
890 1114 1076 1189 minimum
1093 1116 1206 1189 etiam
1220 1118 1254 1189 in

132 1292 137 1315 Ι
181 1217 352 1289 oratione
368 1227 572 1305 certamen,
590 1217 612 1287 s1
631 1215 773 1306 quidem
790 1216 826 1286 in
842 1215 916 1287 hoc
932 1215 1138 1289 certamine
1151 1216 1254 1293 etiam

180 1317 351 1388 auxilium
374 1334 501 1390 eorum
519 1316 579 1403 qui
599 1315 728 1390 Roma
743 1314 824 1387 sunt
846 1313 1040 1387 crediderit
1058 1315 1253 1407 imploran-

139 1462 142 1469 -
180 1414 275 1490 dum.
310 1412 495 1487 Obsrstunt
511 1415 604 1489 enim
622 1434 713 1489 vere
726 1415 907 1487 daemones
926 1413 960 1486 u
979 1417 1180 1487 contrariae
1195 1434 1253 1507 po·

179 1512 324 1587 testates
338 1515 374 1585 io
392 1516 561 1587 oratione
577 1515 695 1609 primo
713 1533 777 1606 per
793 1514 901 1602 illud,
927 1533 975 1587 ne
992 1514 1076 1587 talis
1094 1514 1253 1589 invenia-¹

179 1626 240 1685 tur
252 1615 303 1701 ir,
330 1614 444 1705 quiin
461 1615 640 1687 orationis
653 1634 770 1708 agone
783 1610 949 1699 desudat,
977 1626 1018 1685 ut
1035 1616 1146 1689 levet
1158 1634 1250 1711 pens
1285 1648 1287 1695 t

178 1714 372 1808 manusfim
390 1722 452 1790 ira.
479 1716 592 1810 Quod
609 1717 643 1785 dt
660 1714 682 1787 sr
699 1714 773 1786 hoc
792 1715 870 1804 quis
886 1713 1058 1787 obtinere
1076 1716 1249 1807 potuerit,
1284 1698 1287 1793 i

178 1826 221 1886 ut
239 1813 310 1888 stne
324 1814 377 1886 ira
393 1812 434 1887 sit
444 1866 456 1907 ‚
483 1814 546 1911 ,vii
564 1812 615 1886 est
631 1828 672 1884 ut
685 1812 834 1909 effugiat
848 1810 918 1886 esse
931 1812 1005 1889 stne
1022 1810 1248 1907 disceptatio·

177 1933 248 2004 ne,
275 1914 349 1987 hoc
366 1912 435 2003 est,
461 1910 533 1986 fine
554 1912 740 2006 superfluis
766 1915 799 1984 dc
823 1913 927 1986 vanis
950 1912 1245 2008 cogitationibus.

178 2012 255 2089 Vix
280 2014 376 2087 enim
398 2011 582 2097 invenies,
615 2027 656 2082 ut
682 2016 803 2084 oranti
827 2015 991 2102 cuiquam
1011 2031 1096 2085 non
1125 2012 1245 2105 aliquid

176 2111 291 2195 inania
307 2111 342 2183 dr
358 2111 481 2184 aliene
497 2112 729 2205 cogitationis
746 2115 926 2201 incurrat,
943 2112 976 2183 dr
992 2113 1240 2193 intentionem,

174 2230 249 2300 qua
265 2212 303 2284 in
319 2209 438 2285 Deum
452 2230 553 2285 mena
570 2211 753 2307 dirigitur,
779 2212 936 2285 declinet
954 2230 996 2281 ae
1011 2210 1180 2308 frangat,
1198 2226 1236 2283 rt·

178 2329 249 2400 que
268 2331 346 2384 earn
363 2330 428 2405 per
445 2330 505 2394 ea,
528 2330 610 2400 quae
626 2332 702 2385 non
718 2313 916 2405 competit,
941 2311 1068 2402 rapiat.
1109 2309 1160 2385 Et
1172 2314 1243 2383 ideo

176 2429 273 2504 egon
288 2430 436 2503 maguus
454 2409 505 2482 est
521 2411 718 2501 orationis,
746 2425 786 2483 ut
808 2409 1058 2484 obsistentibus
1083 2412 1244 2500 inimicis,

173 2509 214 2581 dt
237 2511 415 2588 orationis
439 2508 575 2583 sensum
604 2512 640 2582 in
663 2509 802 2584 diversa
829 2512 1076 2603 rapientibus,
1107 2510 1184 2585 five
1209 2510 1246 2581 ad

170 2607 299 2685 :Deum
318 2608 455 2701 semper
477 2629 577 2683 mens
601 2609 716 2684 stabili
735 2611 943 2683 intentione
959 2613 1189 2704 contendat,
1214 2620 1248 2680 ut

175 2710 310 2783 merito
329 2709 560 2800 poffit·etiam
579 2708 652 2800 ipse
669 2710 810 2785 dicere:
839 2713 1006 2783 Certamen
1023 2711 1139 2779 bunum
1155 2727 1246 2781 retia·

171 2816 234 2895 vui,
261 2809 382 2897 cursum
394 2809 619 2897 consummavi.
641 2809 759 2883 ⁴Nunc
774 2829 863 2904 ergo
880 2826 961 2881 orat
976 2809 1182 2901 Apostolus
1197 2809 1245 2881 ad

169 2903 292 3001 juvari
317 2906 351 2981 se
377 2911 412 2981 in
429 2928 546 3002 ugone
562 2904 793 2995 orationum,
821 2922 864 2979 ut
877 2910 1050 2981 liberetur
1068 2912 1113 2982 ab
1136 2912 1246 2983 incre·

177 3008 269 3081 dulis
286 3009 345 3099 qui
361 3007 491 3080 suntin
507 3007 647 3101 Judaea,
675 3011 837 3098 aquibus
858 3028 933 3081 nou
952 3022 1024 3081 tam
1041 3012 1116 3099 pati
1136 3013 1245 3100 timet,

165 3127 298 3196 riteque
318 3106 480 3199 perferre
504 3127 565 3198 ea,
598 3127 678 3198 quae
701 3108 745 3181 ad
766 3106 1003 3199 apostolatus
1027 3106 1076 3179 sui
1100 3110 1245 3203 glorian

102 3224 107 3234 ·
165 3209 383 3301 .pertinent,
411 3227 514 3298 quem
538 3206 702 3300 impediri
727 3221 893 3293 veretur,
921 3228 967 3279 ne
983 3207 1118 3281 diutiue
1135 3208 1245 3283 obsta·

163 3308 266 3382 culis
283 3320 605 3399 concuterentur,
625 3310 683 3378 uel
700 3308 816 3381 minus
834 3320 972 3402 gratum
987 3309 1162 3380 exhibeat
1177 3308 1242 3381 san·

166 3406 239 3485 ,iiis
262 3406 513 3496 ministerium,
542 3407 642 3498 quod
664 3406 698 3479 dt
721 3406 832 3500 ipsum
851 3407 1079 3480 orationibus
1097 3408 1242 3505 indiget,

175 3506 217 3579 u't
237 3507 300 3581 fiat
316 3521 524 3597 accepturu:
552 3509 613 3578 vel
628 3527 674 3580 ne
692 3506 900 3579 defiderium
917 3506 1014 3597 ejus,
1042 3509 1142 3597 quod
1165 3524 1242 3601 ergt

163 3607 363 3685 romanos
381 3607 490 3681 habet
506 3604 688 3698 visendos,
706 3607 839 3679 diutius
857 3604 1052 3678 differatur.
1081 3606 1117 3679 Si
1135 3608 1240 3693 euim,

93 3724 97 3729 ’
173 3708 312 3798 inquit,
338 3708 412 3778 hoc
435 3706 485 3778 ita
508 3702 667 3795 cesserit,
692 3721 734 3778 ut
751 3705 785 3778 u
801 3705 1031 3780 ministerium
1052 3716 1173 3780 m'eum
1192 3724 1242 3781 ao·

174 3805 319 3901 ceritum
335 3802 399 3878 fiat
414 3803 538 3879 sentiit
562 3806 600 3877 in
616 3804 861 3898 Jerososyrna,
888 3804 920 3876 u
939 3806 1112 3881 liberatus
1133 3808 1179 3880 ab
1198 3807 1242 3881 iu·

174 3907 329 3987 credulis
345 3904 403 3994 qui
422 3907 557 3977 suntin
576 3904 719 3999 Judaea,
746 3906 873 3979 venire
891 3903 934 3977 ad
952 3925 1022 3977 vos
1040 3926 1118 3980 non
1132 3909 1237 4003 impe·

106 3992 113 3999 ⁹
161 4010 262 4109 diat,
287 4025 361 4113 pro
382 4006 478 4087 bene
497 4002 603 4106 gestit
616 4009 726 4082 renue
743 4007 898 4106 gaudens
917 4003 1084 4099 profedo
1111 4006 1156 4079 ad
1174 4022 1237 4085 voi

1132 4126 1201 4181 ae-
