2825 4559
196 319 268 410 346
355 311 647 396 ORIGENIS
685 315 1099 440 CO'MMENTAR.
1156 385 1159 398 .
1218 255 1221 348 ἶ

195 474 350 551 cundum
369 477 545 571 carnem,
560 475 619 552 sed
630 480 796 567 dcundum
815 486 942 555 Deum:
969 482 1125 558 Christus
1143 489 1294 561 autern*

192 596 271 651 non
287 577 480 655 secundum
498 577 616 653 Deum
631 597 795 654 mortuus
813 580 961 671 dicitur,
989 582 1048 657 sed
1065 583 1263 659 secundum

139 701 143 712 ¹
194 696 348 752 carnem.
389 679 490 752 ¹Ideo
511 698 589 751 non
604 682 724 753 velbis
740 679 876 756 offerre
892 684 1023 755 dicitur
1038 682 1190 777 Spiritus
1208 684 1265 757 in·

191 779 485 868 terpellationern
504 797 573 870 pro
589 776 795 873 sansiis,sed
808 784 995 875 genitibus.-
1021 782 1146 857 &non
1162 804 1267 858 com·

110 936 112 940 ,
191 880 358 949 munibus
377 877 447 950 iliis
461 878 674 973 gemitibus,
699 879 757 954 sed
775 884 1056 956 inenarrabilibus.
1093 884 1267 978 Quomo-

193 974 243 1046 do
267 980 361 1049 enirn
383 979 540 1050 enarrari
561 972 702 1071 potest,
729 981 828 1072 quod
842 982 994 1075 Spiritus
1012 981 1080 1056 Dei
1097 984 1266 1072 loquitur

191 1072 301 1167 Deo,
327 1097 410 1173 curn
425 1077 603 1150 interdurn
620 1099 688 1152 nec
708 1080 783 1172 ipse
799 1083 941 1171 quiden
960 1080 1082 1166 noster
1101 1079 1262 1178 spiritus,

193 1181 292 1268 quod
311 1173 418 1250 sentit
439 1178 672 1274 &intelligit,
698 1178 863 1255 sermone
879 1182 985 1275 possit
1000 1179 1210 1275 exponere?

201 1331 205 1340 .
268 1282 452 1367 periimus
471 1295 595 1365 autem,
620 1286 768 1375 quoniam
791 1282 996 1373 diligentibus
1023 1288 1127 1352 Derim
1151 1286 1262 1353 omnia

190 1396 396 1470 cooperantur
414 1384 452 1448 irs
467 1379 603 1464 bortum,
628 1379 691 1465 liis,
703 1384 759 1475 qui
772 1382 938 1466 [erundum
950 1382 1137 1479 propudium
1153 1388 1264 1452 uocati

185 1472 266 1572 fient
278 1477 395 1568 [αηῐὶὶ.
430 1479 518 1550 Nurrr
530 1502 606 1570 quos
618 1483 799 1576 prescivit,
826 1482 865 1558 Θ
879 1483 1120 1578 predestinavit*
1133 1482 1262 1571 confor-

187 1599 250 1647 urer
264 1581 336 1667 fieri
354 1584 500 1669 imaginis
518 1579 601 1647 Filii
607 1582 679 1668 lui,
699 1597 738 1650 ut
747 1581 792 1674 fit
807 1582 869 1676 ipse
877 1590 1105 1679 primogenitus
1121 1586 1160 1650 in
1173 1584 1258 1651 mul·

188 1680 419 1771 risfrerriius.
469 1676 505 1748 Si
525 1676 696 1769 Spiritus,
721 1682 859 1773 inquit,
885 1683 1090 1777 interpellet
1104 1701 1172 1773 pro
1188 1702 1260 1753 no·

187 1780 244 1854 bis
269 1778 458 1874 gemitibus
484 1778 802 1871 inenarrabilibus,
842 1781 876 1853 tr
901 1781 1065 1856 universa
1090 1795 1259 1853 creatura

135 1870 139 1886 '
188 1876 473 1974 congemiscit&
493 1877 670 1949 condolet
686 1876 795 1971 usque
809 1900 928 1970 nunc,
956 1888 1032 1974 que
1047 1881 1261 1955 liberabitur

188 1990 279 2051 tunc
300 1978 441 2049 demum
462 1994 484 2044 e
503 1973 676 2048 servitute
701 1980 968 2074 corruptionis,
1002 2001 1083 2052 cum
1109 1980 1260 2068 libertas

185 2076 309 2175 glorie
335 2072 491 2147 filiorum
517 2074 589 2148 Dei
615 2075 823 2170 advenerit,
850 2081 1039 2170 quomodo
1057 2098 1134 2152 non
1152 2100 1255 2153 com·

185 2190 354 2273 potenter
370 2176 689 2268 pronunciabitur,
716 2179 798 2267 quia
809 2178 938 2266 seimus,
957 2182 1036 2273 quod
1051 2180 1259 2272 diligentibus

187 2284 293 2359 Reum
319 2280 423 2348 omnio
445 2292 650 2369 cooperantur
670 2282 707 2345 in
732 2275 865 2350 leserunt.²
922 2278 964 2351 ln
993 2294 1133 2354 tantum
1159 2278 1259 2353 enim

187 2382 309 2454 omnia
327 2388 573 2467 cooperantur
588 2380 624 2448 in
640 2377 794 2468 bonurn,
811 2376 845 2449 dr
866 2380 1096 2452 collaborant
1110 2380 1178 2468 his,
1195 2380 1259 2467 qui

186 2479 340 2575 diligunt
356 2478 497 2564 Deum,
524 2492 566 2548 ut
591 2474 625 2548 dr
645 2473 719 2568 ipse
732 2476 884 2569 Spiritus
907 2478 1078 2568 adjuvet,
1103 2498 1170 2550 nec
1196 2479 1259 2550 de·

186 2580 354 2676 dignetur
380 2575 500 2648 divina
523 2588 650 2649 natura
674 2576 747 2649 dux
774 2575 845 2660 eise
869 2578 1006 2650 itineris
1034 2580 1076 2649 ad
1102 2578 1253 2655 bonum.

185 2680 446 2754 Verumtamen
470 2674 495 2749 si
515 2673 596 2747 sunt
613 2675 720 2764 aliqui
741 2676 916 2750 habentes
932 2677 1090 2769 spiritum
1107 2674 1260 2748 servitu·

187 2782 235 2853 tis
250 2782 286 2851 in
303 2780 456 2863 timore,
485 2775 541 2845 alii
559 2794 652 2846 vero
667 2773 748 2846 sunt
763 2774 964 2867 superiores
982 2779 1056 2856 his,
1084 2776 1143 2867 qui
1158 2774 1259 2870 spiri·

186 2892 265 2951 tum
281 2876 489 2966 adoptionis
508 2874 708 2964 accipiunt,
735 2895 780 2946 ex
803 2894 873 2965 eo,
900 2877 996 2967 quod
1020 2895 1096 2949 non
1118 2874 1190 2967 jam
1214 2876 1260 2949 ti·

183 2996 287 3053 more
302 2973 443 3064 Deum,
470 2970 530 3043 sed
545 2991 669 3046 umore
686 2986 924 3053 venerantur,
950 2974 984 3045 ct
1001 2974 1099 3066 quod
1111 2973 1256 3069 perfetio

184 3079 223 3150 in
238 3079 288 3148 cis
303 3074 447 3144 ebaritas
463 3069 552 3159 foros
568 3075 674 3142 mitris
690 3078 852 3144 timorem:
880 3074 1076 3147 videndum
1103 3072 1176 3161 est,
1202 3094 1253 3148 ne

181 3171 286 3260 'sorte
305 3191 382 3247 non
398 3172 520 3245 omnis
537 3176 785 3265 cooperentur
804 3175 840 3247 in
854 3171 990 3247 bonum
1009 3174 1085 3264 his,
1112 3174 1171 3265 qui
1196 3173 1258 3245 rd-

186 3278 260 3351 lruc
281 3276 319 3349 in
341 3271 464 3366 spiritu
484 3284 696 3365 permanent
719 3269 925 3360 servitutis3
959 3273 1017 3345 sed
1039 3273 1156 3363 alique
1179 3274 1256 3363 qui·

184 3376 268 3454 ‘dem
295 3389 543 3465 cooperentur
564 3372 671 3444 etiam
688 3371 790 3463 ipsis,
817 3391 894 3443 non
912 3386 1032 3445 tamen
1047 3375 1193 3460 omuia;
1219 3374 1256 3444 br

184 3473 308 3552 nescio
325 3471 350 3545 st
369 3464 411 3544 ad
428 3471 538 3564 ipsum
555 3472 709 3560 bonum,
726 3468 785 3544 seu
801 3471 923 3562 potius
942 3473 1005 3567 (ut
1020 3476 1070 3544 ite
1085 3472 1253 3556 dixerim)

186 3576 233 3647 ad
254 3575 381 3668 januas
405 3574 495 3646 boni
518 3571 728 3665 perducant.
781 3570 846 3642 llis
873 3591 987 3648 vero,
1013 3573 1074 3661 qui
1101 3571 1254 3666 diligunt

176 3672 326 3760 iDeum,
350 3671 486 3745 &toto
503 3672 537 3744 ei
556 3671 733 3743 inherent
753 3670 934 3743 charitatis
952 3668 1103 3761 affectu,
1131 3672 1254 3744 omnia

160 3768 253 3865 ¹¹(ut
266 3772 438 3868 diximus)
461 3772 690 3845 collaborant
706 3768 740 3841 br
750 3770 901 3861 juvant,
928 3783 1035 3859 atque
1053 3772 1182 3862 aliquid
1202 3768 1254 3843 sui

160 3865 290 3945 modii
310 3873 526 3963 conferunt,
554 3882 730 3961 quatenus
754 3888 820 3942 eos
847 3872 881 3942 in
906 3867 981 3961 ipso
1002 3870 1127 3957 bono,
1154 3870 1255 3962 quod

174 3983 368 4065 nunquam
386 3970 507 4070 potest
519 3969 822 4068 permutationem
837 3968 1254 4165 recipere,con(l{tua(rint.

833 4101 836 4110 „
1131 4090 1179 4143 uo
