2825 4559
193 373 269 461 538
346 355 654 435 ''ORIGENIS
697 350 1093 445 commentam
1130 355 1133 361 ’

106 606 112 623 ,
196 528 321 603 aeterni
345 522 436 606 Dei,
459 534 500 594 ut
521 543 585 615 per
603 524 897 616 predicatibnem
916 529 1061 619 quidem
1080 527 1271 631 Evangelii

83 706 85 715 ,
195 628 339 719 Gentes
358 628 401 698 ad
419 623 661 698 obedientiam
681 625 765 699 fidei
783 643 1025 702 vocarentur:
1054 652 1101 705 ex
1129 636 1267 708 revela·

141 780 144 793 .
197 732 300 802 tione
316 744 407 799 vero
425 718 631 796 sacramenti
651 729 768 821 agnita
785 726 856 800 Dei
874 726 1069 823 sapientia,
1094 733 1213 827 gloria
1237 732 1270 808 dt

197 831 339 902 claritas
364 824 430 899 soli
456 820 604 916 sapienti
621 822 706 899 Deo
730 827 944 900 redderetur
962 828 1148 905 insecuta
1167 831 1269 906 saecu·

194 932 327 1004 lorum.
380 923 449 997 Sed
476 924 604 997 iterum
630 944 878 1021 recurramus,
914 928 1265 1028 &consideremue,

195 1026 385 1122 tlttomodo
402 1020 538 1099 'distulit
561 1022 630 1099 estt
660 1028 704 1097 Ei
720 1044 844 1114 aetem,
871 1033 927 1124 qui
939 1047 1053 1125 petens
1069 1032 1110 1128 qi
1125 1056 1185 1103 vos
1200 1058 1267 1104 ten·

185 1133 321 1224 firmare
330 1128 500 1216 serendum
522 1123 736 1217 evangelium
753 1152 863 1215 meum,
879 1127 919 1203 (Ἰ
935 1127 1195 1245 predicationem
1208 1136 1267 1229 Je-

189 1234 232 1320 sre
255 1229 392 1324 Christi,
423 1228 590 1316 strandum
614 1228 838 1298 revelationem
862 1229 1052 1315 sacramenti
1075 1237 1266 1331 temporibus

189 1330 369 1423 secutorum
385 1327 558 1423 infilenrte
573 1325 691 1400 habiri.
744 1326 835 1400 Non
862 1330 945 1403 mihi
970 1330 1143 1426 videtur,
1170 1328 1267 1424 quod

193 1432 237 1503 ad
262 1447 389 1504 omnes
414 1427 594 1520 pertineat
615 1424 678 1499 ista
698 1427 886 1517 utriusque
909 1426 1054 1525 generis'
1075 1427 1266 1507 confirma·

84 1580 87 1585 -
117 1546 120 1551 ’
192 1532 275 1618 'ti03
303 1528 362 1602 sed
381 1527 424 1601 ad
442 1546 568 1599 omnes
590 1526 732 1614 quidem
752 1530 912 1619 pertinet
931 1529 1125 1604 eredentes
1143 1532 1269 1610 dunta-

190 1647 253 1706 xat
272 1626 507 1723 Evangelium
527 1625 645 1718 Pauli,
674 1626 933 1720 &predicatio
950 1627 1102 1706 Christi:
1129 1635 1267 1707 revela·

95 1808 104 1821 ,
192 1734 249 1804 tio
265 1742 358 1802 vero
376 1725 584 1803 sacramenti
603 1728 828 1817 temporibus
845 1725 1052 1804 seculorum
1066 1730 1107 1804 in
1124 1731 1265 1806 srleutio

192 1831 328 1922 habiti,
344 1848 423 1900 non
441 1828 483 1900 ad
501 1828 642 1920 plures,
671 1825 731 1898 sed
748 1827 791 1900 ad
809 1847 946 1925 paucos
965 1829 998 1901 u
1017 1830 1184 1924 eledlos,
1211 1834 1266 1925 qui

191 1950 343 2024 capaces
358 1924 427 2000 else
442 1926 571 2021 poffint
591 1923 768 2017 sapientire
788 1927 822 1999 dr
842 1925 998 2008 scientiae
1015 1930 1103 2017 Dei,
1128 1930 1178 2004 de
1194 1934 1266 2023 qui·

191 2034 259 2106 bus
283 2028 434 2101 dicitur:
462 2028 574 2099 Mutet
588 2032 713 2112 vocati,
736 2031 829 2118 pauci
845 2052 921 2096 uero
934 2027 1035 2105 etetli,
1078 2029 1156 2104 Sed
1175 2031 1211 2104 &
1225 2034 1264 2106 de

193 2150 264 2212 eo,
291 2126 389 2218 quod
417 2128 486 2219 ait,
514 2126 714 2199 Sacramenrt
732 2130 768 2195 in
782 2126 909 2215 fidentio
924 2130 1055 2223 habiri,
1080 2134 1259 2223 requiren-

191 2228 276 2304 dum
295 2225 368 2319 est,
395 2242 514 2300 utrum
540 2226 589 2297 ita
612 2224 648 2296 id
671 2226 768 2297 dicat
790 2228 825 2298 in
842 2226 985 2300 silentio
1010 2228 1205 2325 habitum,
1223 2247 1256 2304 ut

130 2418 152 2431 „-
190 2327 480 2407 omninonullua
496 2325 711 2422 agnoverit,
738 2346 785 2398 ne
802 2327 863 2417 ipsr
882 2327 1025 2417 quidem
1047 2332 1110 2420 qui
1131 2352 1263 2405 annun·

190 2431 337 2502 ciebant
354 2425 566 2519 Prophetae:
595 2444 638 2496 an
657 2425 765 2497 altior
778 2428 900 2518 aliqua
916 2427 1042 2500 silentii
1060 2432 1266 2528 intelliget·

191 2530 236 2603 da
256 2527 308 2602 est
325 2527 432 2601 ratio.
491 2525 584 2598 Mihi
604 2525 747 2614 quidem
764 2526 870 2596 valde
886 2525 1074 2600 absurdum
1094 2532 1265 2624 videtur,

191 2645 234 2701 ut
252 2629 411 2701 dicamus
429 2622 628 2720 Prophetas
648 2628 698 2695 ita
716 2622 883 2718 scripsisse
904 2627 949 2699 de
967 2628 1202 2704 sacramentis
1220 2633 1265 2704 di·

190 2730 313 2819 vinis,
350 2739 494 2799 utnon
522 2725 769 2799 intellexerint
798 2746 841 2798 ea
869 2723 943 2819 ipsa
973 2748 1050 2818 quaa
1082 2730 1266 2810 dicebant,

191 2850 274 2904 cum
298 2826 483 2917 Scriptura
512 2827 627 2898 dicat:
660 2823 795 2920 Sapienr
814 2827 969 2920 intelligit
986 2852 1054 2925 que
1071 2831 1110 2901 de
1127 2854 1185 2902 ere
1201 2838 1264 2929 ejrtr

186 2928 377 3028 procedunt,
404 2927 442 3000 U
465 2932 499 2994 irr
516 2926 611 2995 labiis
625 2941 736 3019 portet
751 2924 958 2998 inteltetlum.
1011 2927 1046 2999 Si
1065 2950 1157 3025 ergo
1177 2930 1263 3004 Pro·

189 3031 308 3121 pheta
325 3044 404 3100 non
416 3026 673 3099 intellexerunt
690 3045 767 3117 quae
785 3026 830 3096 de
848 3046 913 3098 ore
928 3030 1080 3122 proprio
1097 3031 1263 3122 profere-

187 3132 406 3220 bant,¹non
434 3142 536 3199 erant
561 3122 749 3217 sapientes.
802 3125 938 3199 Verum
967 3126 1259 3223 sistultumest,

157 3228 388 3322 -Prophetat
405 3223 597 3317 confiteri,
624 3223 657 3296 dt
682 3242 814 3318 negate
841 3246 907 3297 eos
935 3224 1112 3321 sapientes
1143 3228 1260 3311 tutte,

186 3329 317 3417 restat,
343 3340 386 3398 ut
409 3324 586 3417 sapienter
612 3324 770 3414 fuerint,
796 3322 1094 3400 &intellexerint
1117 3349 1198 3420 que
1213 3348 1258 3402 cx

186 3448 254 3501 ore
270 3426 423 3519 proprio
440 3425 698 3520 proferebant,
727 3421 760 3494 dr
776 3423 965 3499 habuerint
981 3427 1205 3503 intelleblum
1220 3430 1257 3502 in

185 3529 290 3602 labiis
306 3526 385 3600 suls.
438 3527 531 3620 Quae
548 3545 636 3619 ergo
655 3522 783 3595 silentii
801 3523 922 3596 ratio?
960 3526 1184 3623 Videamus,
1211 3542 1256 3602 ne

184 3629 245 3702 illa
262 3626 327 3719 stt,
356 3647 460 3719 quam
488 3623 522 3697 ἃ
547 3621 621 3716 ipse
641 3621 771 3694 Paulus
792 3621 852 3695 srbi
874 3625 1037 3701 traditam
1058 3648 1127 3718 pro
1147 3625 1257 3701 sacra·

183 3739 390 3806 mentorum
416 3721 676 3817 dispensatione
702 3721 917 3815 perdocuit,
943 3726 1005 3798 ubi
1030 3726 1120 3798 dicit
1145 3729 1256 3800 abdu-

185 3825 279 3903 etum
299 3824 333 3897 se
351 3823 421 3898 else
436 3826 473 3897 in
488 3825 634 3897 tertium
651 3823 800 3915 cetum,
829 3822 863 3893 dr
883 3824 966 3898 inde
984 3827 1020 3898 in
1040 3825 1253 3919 paradisum,

184 3922 364 4004 &audisse
381 3944 456 3997 non
476 3922 648 3997 edicenda
667 3923 798 4015 verba,
826 3944 904 4014 quae
920 3945 995 3998 non
1012 3927 1099 3998 licet
1113 3927 1253 4001 homini

163 4029 288 4126 ioqui.
342 4029 388 4109 ln
407 4046 484 4127 quo
503 4026 633 4125 utique
647 4020 829 4110 obeudit,
849 4044 930 4100 non
943 4027 1041 4117 quod
1055 4025 1129 4120 ipse
1150 4030 1252 4195 ¹32⁰*
1278 4102 1282 4111 ,

1152 4144 1201 4195 re
