2825 4559
217 321 282 401 tn
308 296 590 396 unst'uu
616 279 847 391 neuun.
871 308 975 392 unt.
1000 311 1100 391 vn.
1139 300 1250 408 'gest

144 488 311 574 dixerit:
344 487 521 558 Veritatem
540 480 605 551 dico
627 484 664 548 e'n
684 476 821 573 christe,
837 475 929 571 queit
947 473 1140 552 ostendens
1155 475 1227 552 etse

160 590 316 679 aliquam
335 586 550 672 veritatem,
577 599 655 672 quae
671 597 749 650 non
764 576 805 651 tt
825 578 863 651 in
882 577 1036 653 Christo.
1072 574 1119 650 Et
1141 577 1226 649 vide

160 685 368 782 stpossiutus
386 685 448 755 tali
464 667 618 772 duodam
637 679 749 753 modo
767 682 969 765 veritatem,
981 697 1057 769 quae
1070 677 1106 749 in
1124 673 1227 749 Chri-

161 788 219 863 sto
242 783 316 877 est,
343 785 385 854 ab
404 802 469 872 ea,
496 800 572 871 que
588 798 665 851 non
685 775 737 850 est
753 778 789 850 in
806 767 968 858 Christo,
994 776 1224 872 distinguere:

164 885 246 980 quia
262 884 296 956 u
314 883 396 955 alibi
413 883 505 974 idem
522 877 722 970 Apostolus
738 877 846 951 dicit:
873 880 930 976 Efl
953 883 1075 948 veritas
1105 871 1226 974 Christe·

163 989 203 1057 in
219 1009 285 1069 me,
310 987 466 1079 quianon
482 982 629 1070 mentior.
656 979 801 1051 Veritas
815 997 904 1074 ergo
921 977 1049 1052 Christi
1063 975 1134 1050 effe
1151 996 1229 1049 cre·

163 1082 279 1158 denda
298 1082 349 1154 est
366 1081 436 1171 ibi,
460 1081 522 1152 ubi
541 1076 621 1151 sunt
640 1076 672 1150 u
688 1079 831 1168 relique
847 1079 1018 1171 virtutes,
1034 1097 1110 1172 quae
1125 1074 1228 1150 Chri·

162 1184 237 1260 stus
256 1179 327 1255 effe
342 1177 608 1252 describuntur:
632 1175 763 1269 idest,
789 1179 850 1249 ubi
872 1178 1029 1269 justitia,
1055 1178 1117 1249 ubi
1140 1196 1226 1270 pax,

163 1285 226 1356 ubi
244 1279 294 1353 est
308 1281 459 1354 verbum
475 1276 549 1378 Dei
557 1318 570 1361 ‚
595 1278 644 1350 ibi
659 1275 711 1349 est
727 1276 761 1349 te
776 1277 910 1351 veritas
925 1275 1065 1352 Christi.
1093 1272 1153 1349 Est
1168 1296 1227 1349 au·

164 1398 238 1456 tem
259 1380 392 1452 veritat
414 1380 448 1450 u
471 1380 510 1451 in
524 1373 713 1472 injustitiae
739 1375 820 1448 utst
845 1376 969 1472 (verbi
986 1376 1109 1470 causa)
1135 1367 1229 1449 dica‘·

163 1502 264 1571 mus,
297 1479 510 1552 demonium
542 1477 629 1549 iilud
657 1474 857 1569 Pythonis,
891 1478 990 1568 quod
1015 1479 1052 1549 in
1071 1475 1228 1551 Adibuc
1314 1532 1320 1548 ,

164 1578 429 1673 Apostolorum
448 1576 603 1650 refertur
619 1577 655 1648 in
669 1577 797 1647 ancille
814 1577 963 1667 quadum
979 1576 1168 1671 habitasse,
1194 1578 1231 1651 dc

167 1676 425 1772 clanaffepost
438 1675 662 1769 Apostolos,
687 1677 770 1767 quie
786 1676 922 1766 biferae·
940 1682 1003 1748 nee·
1012 1680 1130 1765 summe·
1138 1680 1231 1765 sent,

167 1785 224 1876 qni
242 1783 450 1848 annuntiant
463 1778 646 1848 hominiiue
663 1780 752 1845 uiam
774 1779 858 1847 Dei:
884 1791 962 1861 erat
976 1779 1108 1850 veritas
1124 1778 1238 1852 inhio

170 1879 309 1952 verbis:
343 1896 469 1949 verum
492 1878 587 1951 enim
609 1888 686 1947 erut
709 1876 809 1966 quod
832 1876 1035 1951 dicebatur:
1068 1875 1128 1950 sed
1153 1896 1232 1952 non

146 1991 246 2053 -erat
267 1975 329 2049 ista
352 1971 548 2050 vetitns‘in
573 1970 740 2061 Christ03
768 1978 801 2050 dt
819 1992 1013 2072 propterea
1033 1976 1231 2052 conversus

166 2080 212 2150 ud
234 2099 311 2151 eum
329 2074 457 2148 Paulus
477 2076 584 2148 dixit:
612 2075 806 2165 obmutesce,
829 2078 868 2154 U
888 2084 940 2150 exi
955 2081 994 2151 ab
1007 2103 1054 2153 eo.
1104 2074 1176 2152 Sed
1196 2077 1232 2151 dc

165 2175 255 2249 iilud
271 2180 402 2249 veritas
421 2177 508 2265 fuit,
534 2173 633 2265 quod
650 2175 740 2247 dixit
756 2175 928 2271 Caiphae:
963 2180 1101 2274 Expedit
1126 2178 1231 2263 nabis,

166 2296 208 2349 ut
226 2300 308 2345 unus
319 2282 481 2345 ¹moriatur
499 2276 586 2344 homo
603 2294 662 2369 pto
679 2281 808 2368 pupulo,
834 2277 874 2354 δ’
899 2306 965 2350 non
984 2278 1135 2364 uniuersa
1156 2304 1232 2372 gent

163 2390 293 2475 pereat:
319 2375 377 2449 sed
399 2389 519 2447 tumen
536 2372 598 2446 ista
615 2378 749 2447 veritas
765 2397 842 2449 nou
863 2379 932 2452 fuit
950 2383 985 2452 in
1004 2378 1156 2464 Christo.
1182 2376 1233 2450 Et

165 2477 252 2551 ideo
275 2474 475 2566 Apostolus
500 2473 542 2545 ad
569 2471 828 2550 diffinitionem
849 2482 1014 2555 veritatis
1033 2482 1129 2572 eius,
1154 2498 1233 2570 que

167 2590 272 2649 extra
288 2572 463 2648 Christum
480 2572 550 2651 est,
565 2569 610 2644 .se
634 2573 722 2644 dicit
748 2576 784 2648 in
808 2573 950 2654 Christo
978 2580 1077 2671 ioqui
1102 2582 1234 2651 vetita·

169 2690 257 2748 tem.
308 2673 377 2746 Sed
395 2672 428 2744 ἃ
446 2674 518 2745 hoc
539 2670 637 2762 quod
654 2675 757 2747 dicite
787 2673 1008 2771 ‘i'ejie'manium
1029 2680 1112 2748 milei
1125 2680 1235 2773 pariae·-

169 2776 260 2846 bente
276 2775 461 2860 conscicntia
479 2797 544 2841 mea
563 2777 601 2840 in
617 2776 747 2866 Spiritu
761 2774 885 2867 fhnido,
910 2781 1053 2855 fimilem
1069 2779 1153 2861 mih-i
1170 2777 1233 2850 ha.

130 2961 132 2968 ¹
167 2876 257 2949 bere
276 2874 417 2946 videtur
433 2872 715 2965 intelligentiam.
736 2873 869 2951 Reddit
882 2884 976 2955 enim
990 2879 1235 2954 testimonium

167 2971 390 3047 conscientia
407 2974 513 3044 etiam
530 2970 733 3060 Gentibus3
760 2974 951 3056 secundum
971 2982 1068 3073 quod
1082 2983 1118 3053 in
1135 2980 1235 3071 supe.

168 3074 326 3145 rioribus
343 3073 436 3145 idem
454 3070 656 3164 Apostolus
674 3075 743 3147 aitt
782 3075 1007 3176 Testimonium
1027 3085 1236 3151 reddente-aie

171 3174 380 3261 conscientia,
405 3175 444 3247 U
463 3179 551 3245 inter
559 3172 594 3260 se
611 3177 748 3254 inuicem
770 3186 988 3271 cogitationum
1006 3183 1233 3267 accufiantiunt,

170 3278 339 3344 autetiam
354 3272 597 3360 defendentium.
622 3270 662 3344 ln
680 3274 748 3346 iilic
766 3297 876 3375 ergo,
902 3282 1079 3374 inquibus
1100 3286 1236 3379 cogite·
1282 3297 1289 3334 ¹

168 3374 290 3460 tiones
307 3372 375 3445 sue
391 3372 526 3445 habent
542 3373 672 3463 aliquid
690 3377 788 3464 quod
804 3379 983 3470 accusent,
1002 3385 1235 3461 &conscien-

167 3475 219 3544 tia
234 3472 276 3542 ad
293 3468 534 3544 testimonium
552 3475 676 3563 venit,
703 3495 781 3549 non
797 3478 917 3573 potest
934 3484 1003 3557 dici
1013 3540 1025 3574 ,
1052 3487 1151 3577 quod
1165 3509 1234 3583 pro

165 3573 267 3667 malis
279 3569 411 3643 attibuc
429 3570 611 3664 inSpititu
624 3572 742 3647 santio
757 3578 976 3659 conscientia
992 3585 1235 3666 testimonium

167 3667 306 3776 reddat.
332 3669 374 3743 ln
392 3668 574 3764 Apostolo
590 3694 703 3766 vero,
730 3677 791 3752 ubi
806 3680 981 3776 cogitatio
992 3690 1062 3780 jun
1082 3707 1157 3761 non
1175 3691 1236 3764 ha·

170 3769 234 3841 bet
250 3768 348 3860 quod
368 3767 528 3851 accuset,
554 3769 649 3845 cette
667 3774 885 3854 canscientia
909 3784 946 3855 in
962 3785 1095 3877 Spiritu
1113 3788 1235 3870 santio

169 3867 411 3984 testimonium
426 3869 555 3986 reddit.
606 3871 704 3986 iside
731 3888 849 3951 tamen
872 3885 1150 3980 magnitudinem
1173 3919 1236 3987 pe·
1290 3919 1292 3924 ·
1323 3934 1327 3942 ·

166 3966 501 4065 &otttApostoltcu
515 3970 551 4049 A
564 3968 638 4048 Det
651 3972 824 4054 charitate
840 3998 919 4056 uon
931 3986 1052 4080 potest
1065 3985 1234 4081 separari}

554 4094 565 4116 ⁸
1098 4094 1211 4181 tund
