2825 4559
240 230 519 384 'tuomst
547 295 626 372 au
652 295 888 374 tonare.
912 295 1017 375 tre.
1045 299 1094 419 u.
1145 313 1215 398 243
1261 235 1264 244 ⁵

221 482 256 553 ς.
284 466 376 534 Sicut
393 466 478 532 anim
492 481 549 558 per
565 461 812 531 inobedientiam
834 464 931 530 unias
948 461 1089 529 hominis
1108 480 1214 557 peara-

143 581 228 637 torer
243 564 404 660 constituti
410 562 492 649 sunt
505 559 611 649 musti,
621 567 670 632 ita
683 562 724 638 U
735 581 791 655 par
806 567 901 629 unius
916 561 1122 632 obedientiam
1129 566 1213 660 justi

142 659 376 760 canj'iiruenrar
389 664 497 733 nulrit
531 659 655 734 Potest
670 660 812 752 quidem
830 653 930 751 fieri,
957 680 997 759 ur
1016 657 1211 741 secundum

141 787 198 857 ea,
222 781 298 854 quae
311 764 348 834 in
364 760 606 853 superioribus
626 758 910 844 observavimus,
931 757 1060 833 Paulus
1074 764 1209 840 volens

138 859 307 955 mysteria
329 858 522 934 secretiora
544 875 763 957 contegere,
788 879 880 950 quos
896 860 977 931 aiibi
992 883 1094 930 onnes
1109 864 1209 968 dixp.

139 975 217 1052 rat,
245 962 327 1036 alibi
345 960 480 1035 multoe
500 975 634 1053 ponat,
662 981 709 1032 ne
724 958 870 1051 forte,s1
885 955 1023 1033 dixisset
1035 983 1092 1055 por
1107 971 1208 1036 unior

138 1063 381 1133 inobedientiam
393 1075 563 1157 peccatores
577 1058 691 1133 fastos
706 1055 777 1132 effe
791 1076 939 1151 omnes,
960 1060 992 1131 ἀ
1008 1061 1206 1140 necessario
1280 1073 1283 1080 '

138 1159 388 1255 subjunxisset,
413 1166 461 1231 r'to
476 1160 514 1235 si
527 1165 693 1261 petuntur
707 1159 1002 1260 obedientiomjujdi
1015 1164 1206 1254 constituen-

138 1279 199 1336 tor,
208 1280 359 1350 omnes,
377 1261 560 1333 videretur
577 1281 622 1333 ex
637 1260 841 1350 hujusmodi
857 1261 1093 1352 promissoris
1108 1259 1207 1338 secu·

136 1363 244 1435 ritate
269 1359 451 1433 resolvere
478 1361 616 1433 animos
642 1379 789 1445 eorum,
824 1357 951 1447 quibus
968 1363 1114 1454 expedit
1133 1359 1205 1439 esse

136 1459 200 1535 sub
226 1473 337 1535 metu.
386 1455 435 1531 Et
454 1460 538 1530 ideo
555 1479 625 1530 nos
640 1454 754 1529 fidelis
774 1458 807 1529 dc
825 1457 1011 1552 prudentis
1029 1462 1066 1535 in
1082 1466 1203 1540 verbo

136 1560 208 1633 Dei
226 1553 475 1651 dispensatorie
492 1556 677 1632 confilium
694 1552 898 1647 servantes,
926 1580 994 1653 pro
1019 1581 1066 1633 eo
1092 1565 1203 1660 magia

136 1658 338 1733 satisfacere
356 1659 551 1752 debemue,
572 1658 768 1749 uuomodo
787 1674 852 1747 per
868 1659 972 1730 unius
992 1661 1204 1739 inobedien-

118 1761 222 1832 ¹tiam
251 1777 329 1831 non
362 1774 511 1848 ornnes,
551 1758 608 1828 sed
634 1757 736 1828 multi
764 1756 844 1828 sunt
869 1773 1081 1847 peccatores
1108 1760 1202 1845 sacti.

137 1857 233 1931 Nam
259 1877 324 1950 per
351 1857 726 1930 uniueobedientiam
754 1857 942 1944 quomodo
966 1877 1041 1931 non
1064 1884 1204 1953 omnes,

135 1957 196 2031 sed
212 1957 314 2031 multi
331 1954 613 2043 constituantur,
639 1952 883 2029 difficultatem
899 1977 974 2030 non
990 1954 1135 2035 habebit
1152 1965 1206 2039 in·

138 2058 363 2153 telligentiae,
389 2055 582 2129 secundum
606 2055 717 2145 illud,
743 2056 841 2146 quod
860 2055 1040 2130 Dominus
1061 2063 1148 2136 dicit
1166 2067 1205 2142 iu

136 2153 359 2251 Evangelio:
385 2159 497 2227 Multi
517 2155 602 2227 enim
626 2160 763 2228 ueniant
782 2156 963 2260 adortante
983 2157 1023 2234 U
1040 2167 1203 2254 occidente,

85 2291 89 2338 p
135 2255 173 2333 (τ
196 2256 374 2328 recumbant
399 2279 470 2327 cum
492 2257 671 2341 Abraham,
698 2256 737 2330 ct
757 2256 855 2342 Isarae,
882 2256 922 2331 U
942 2259 1042 2353 Jacob
1057 2268 1093 2331 in
1111 2288 1204 2357 regno

135 2359 223 2442 Dei,
251 2355 369 2428 &non
381 2355 491 2428 dixit:
519 2356 656 2430 Omnes
671 2356 830 2428 venient.
856 2353 1072 2432 Peccatores
1084 2377 1205 2440 autem

136 2457 325 2549 quomodo
345 2457 446 2528 multi
470 2456 505 2528 dr
523 2474 600 2528 non
616 2475 743 2528 omues
760 2456 972 2548 videantur,
999 2478 1079 2533 cum
1107 2463 1204 2540 idem

136 2553 336 2648 Apostolus
363 2556 480 2644 dieat,
515 2555 614 2644 quod
639 2579 742 2623 amnes
763 2573 994 2649 peccavarunt,
1029 2558 1202 2636 debemus

135 2656 336 2729 ostendere.
363 2652 472 2726 Aliud
491 2651 541 2725 est
560 2672 732 2746 peceare,
759 2653 852 2725 aliud
869 2670 1100 2747 peccatorem
1118 2659 1200 2739 esse.

85 2805 87 2836 ς
135 2754 315 2829 Peccator
332 2750 461 2826 dicitur
477 2756 526 2844 is,
553 2756 612 2841 qui
633 2755 744 2824 multa
765 2753 1032 2847 delinquendo,
1058 2761 1094 2831 in
1111 2782 1204 2835 con·

85 2885 89 2998 p
135 2853 380 2947 suetudinem,
407 2849 462 2945 dr,
488 2866 529 2925 ut
552 2853 602 2925 ita
624 2849 763 2945 dicam,
788 2852 826 2925 in
851 2852 1003 2929 studium
1030 2862 1204 2946 peccandi

131 2954 203 3045 jam
219 2953 345 3041 venit3
370 2952 459 3025 ficut
475 2953 695 3025 econtrario
715 2950 825 3047 justus
845 2971 921 3026 non
939 2953 1069 3026 dicitur
1087 2962 1130 3042 is,
1144 2964 1205 3051 qui

85 3059 90 3130 i
135 3050 242 3126 semel
257 3068 319 3125 aut
335 3052 390 3125 bis
407 3053 536 3144 aliquid
550 3051 693 3143 justitiae
707 3050 857 3143 fecerit,
884 3050 942 3129 sed
958 3057 1100 3146 i11e‚qui
1118 3058 1203 3136 sema

85 3195 104 3288 p
134 3171 203 3245 per
218 3153 308 3249 juste
322 3149 486 3247 agendo,
505 3154 539 3224 in
556 3150 619 3223 usu
637 3152 669 3222 δι
688 3149 949 3254 consuetudine
960 3156 1126 3246 justitiam
1143 3162 1205 3234 ha·

85 3305 88 3378 ·
134 3249 1207 3449 atritiotterte3·trreueuutttz

137 3452 219 3526 dem
236 3452 274 3524 in
291 3470 339 3524 eo
359 3468 492 3542 opere,
512 3453 548 3523 in
565 3468 638 3542 quo
653 3450 823 3542 iustitiam
837 3452 977 3541 tenuit,
991 3452 1082 3544 juste
1098 3456 1205 3554 egisse

137 3552 301 3644 dicetur,
326 3567 402 3623 non
422 3564 541 3623 tamen
561 3571 606 3621 ex
625 3551 699 3623 hoc
717 3547 829 3641 justus
851 3550 1098 3642 appellabitur.
1151 3559 1206 3635 lta

138 3649 296 3743 &iustus
315 3647 477 3746 peccasse
492 3649 634 3741 quidem
651 3650 813 3738 dicetur,
833 3648 856 3722 ir
874 3651 1003 3741 aliquid
1021 3658 1207 3734 commise-

136 3752 185 3823 rit
201 3751 392 3841 aliquando
411 3752 509 3838 quod
525 3749 721 3839 nonlicet,
739 3764 816 3819 non
835 3761 953 3821 tamen
971 3772 1016 3822 ex
1033 3754 1105 3825 hoc
1123 3777 1207 3849 pec.

85 3889 87 3894 ·
139 3863 246 3922 cator
263 3849 519 3943 appellabitur,
543 3848 602 3938 qui
618 3848 792 3939 peccandi
812 3845 1208 3933 usumuconsuetudr·
1311 3851 1323 3944 J

85 3985 91 4178 1
140 3968 224 4024 uem
242 3969 320 4024 uon
340 3963 459 4024 tenet:
484 3948 573 4036 stput
590 3947 874 4030 &medicusjlle
892 3968 970 4024 nott
986 3950 1129 4037 dicitur,
1146 3963 1207 4051 qui

556 4047 757 4150 x‘Qu
978 4081 993 4099 =
1108 4071 1181 4130 aut
1322 4147 1325 4154 .

581 4181 590 4202 ⁸
825 4189 833 4220 r
