2825 4559
191 283 244 367 ιιι
358 257 642 348 oulolluls
672 201 1130 360 commeminit·-

196 453 272 511 non
296 431 409 509 solum
435 434 493 527 qui
521 432 659 507 iaciunt
678 434 760 524 illa,
792 430 852 507 sed
879 432 913 505 di
936 438 998 523 qul
1023 431 1261 510 consentiunt

196 534 423 609 facientibus.
475 530 523 605 Et
542 535 627 606 ideo
646 554 719 650 pro
732 535 786 608 his
804 534 971 607 omnibus
992 535 1121 606 malli
1112 555 1267 634 ιιιειιςιιι

140 647 165 698 .·
197 634 323 709 sabilei
339 644 470 719 erunt,
497 633 581 707 dum
600 634 719 707 alior
709 654 745 705 in
764 634 840 725 hii,
862 653 944 723 quae
961 632 1024 725 ipsi
1040 649 1170 751 agunt,
1186 615 1259 714 sce'·

197 734 331 810 laribus
347 731 381 804 u
398 727 556 828 iudicarit
574 732 608 803 di
628 732 885 808 condemnhnt.
936 729 995 805 De
1014 730 1050 806 se
1066 737 1160 806 enim
1176 753 1308 824 pro·.·

199 832 348 908 nunciat
362 833 462 923 quit,
490 851 571 907 cum
586 830 632 905 de
649 831 702 904 his
713 852 822 923 ,quae
839 830 913 928 ipse
928 833 1135 922 committit,
1153 833 1263 908 alium

201 931 315 1027 punit.
352 930 524 1005 Arbitror
541 946 660 1006 autem
679 886 838 1005 su’lficera
854 952 914 1019 ea,
942 950 1020 1021 quae
1039 929 1083 1005 de
1098 931 1262 1004 traditio·

199 1032 256 1105 ιιιί
278 1028 395 1122 specie
420 1029 530 1126 supra
547 1029 637 1103 dicta
658 1026 762 1121 suot,
789 1030 978 1146 quomodo
1002 1029 1104 1104 Deus
1118 1031 1265 1106 tradere

203 1129 332 1206 dicitur
353 1151 441 1222 eoi,
469 1151 620 1221 quoium
646 1129 741 1203 adius
767 1130 798 1201 ἃ
824 1131 976 1203 animum
993 1150 1013 1201 a
1030 1130 1064 1203 se
1084 1129 1265 1208 declinan-

202 1244 299 1319 tem,
329 1228 362 1300 u
384 1230 628 1323 indulgentem
650 1231 754 1305 vitiis¹
766 1227 986 1303 abhorrescit
1003 1229 1036 1302 dt
1054 1227 1202 1319 deserit,
1229 1231 1265 1304 dr

203 1328 327 1416 cadem
354 1341 521 1424 repetere
540 1326 756 1423 superfluum
776 1343 883 1419 puto.
942 1328 1029 1401 Duo
1056 1326 1135 1401 sunt
1160 1329 1263 1424 sane,

206 1429 337 1519 quaein
357 1427 535 1501 hocloco
559 1428 706 1501 indicari
729 1448 834 1519 reor,
862 1446 1016 1518 quorum
1035 1430 1184 1504 alterum
1205 1432 1265 1512 de.

203 1528 328 1623 signari
345 1529 488 1599 videtur
506 1547 551 1598 eii
567 1529 694 1601 altero.
722 1525 869 1601 Certum
889 1527 1042 1617 namque
1057 1527 1123 1617 eli,
1140 1528 1264 1618 quodll

205 1634 417 1718 quemquam
435 1626 623 1699 tradiderit
635 1628 809 1700 Deusvel
826 1629 862 1698 in
880 1625 1049 1698 desideria
1065 1627 1185 1699 cordis
1203 1626 1282 1721 sui,-

204 1727 264 1802 vel
284 1727 321 1799 in
340 1726 511 1819 passiones
524 1727 751 1821 ignominie,
771 1727 831 1797 vei
847 1726 884 1797 in
902 1728 1097 1817 reprobum
1116 1723 1267 1821 sensum,

206 1826 384 1898 continuo
403 1838 570 1916 tanquam
586 1827 623 1896 iii
640 1838 734 1896 terra
752 1825 891 1916 peshma
910 1823 942 1896 δι
958 1828 1128 1917 reproba,
1147 1830 1265 1899 omnio

204 1925 266 2000 illa
289 1925 326 1996 in
349 1944 396 1996 eo
419 1925 478 2017 qui
504 1926 676 2017 traditur,
704 1923 802 2019 seges
831 1925 1015 1997 criminum
1040 1924 1164 2020 surgat.
1218 1922 1267 1998 Et

203 2022 343 2097 rursum
360 2020 464 2115 siquis
478 2044 559 2098 cum
573 2025 794 2119 cognoverit
811 2023 943 2118 Deum,
958 2044 1033 2097 non
1044 2024 1133 2104 sicut
1149 2024 1267 2098 Deum

205 2119 432 2220 magnificet,
460 2137 521 2204 aut
534 2126 663 2218 gratias
682 2137 783 2216 agat,
811 2122 868 2196 sed
890 2123 932 2196 sit
949 2125 1028 2195 talis
1045 2124 1182 2215 qualern
1203 2142 1268 2217 per

204 2220 338 2318 singula
355 2220 589 2316 Apostolicus
603 2222 721 2295 sermo
739 2222 936 2314 descripsit,
964 2223 1108 2295 dubium
1127 2221 1269 2296 nonest

204 2321 453 2412 hujuscemodi
480 2323 630 2395 animam
656 2319 856 2394 derelidiam
875 2321 944 2394 effe
965 2343 984 2394 a
1004 2321 1088 2394 Deo
1108 2321 1141 2392 u
1162 2324 1269 2394 tradi.

208 2436 292 2493 tarn
346 2419 479 2509 Neque
504 2422 599 2494 enim
623 2421 783 2513 poffibile
804 2421 855 2493 est
872 2440 951 2493 cum
973 2422 1027 2492 his
1047 2423 1146 2495 malis
1171 2422 1268 2493 habi.

157 2611 159 2617 s
206 2520 364 2610 capulum
384 2518 452 2592 elle
468 2519 578 2608 Deo,
605 2536 666 2608 aut
682 2522 758 2594 haec
773 2521 863 2593 mala
877 2520 961 2597 inde
979 2521 1190 2612 procedere,
1206 2522 1269 2594 ubi

206 2617 344 2694 habitat
372 2619 485 2693 Deus.
536 2621 677 2694 Verum
703 2622 783 2711 quia
806 2620 842 2692 in
870 2619 924 2692 his
950 2622 1065 2692 tribus
1085 2617 1268 2693 universas

206 2718 399 2812 impietatis
415 2718 549 2812 species
567 2717 785 2793 enumerasse
802 2720 945 2791 videtur
958 2717 1180 2811 Apostolus,
1207 2722 1270 2794 vel

209 2837 359 2908 eorum,
387 2820 444 2909 qui
464 2821 561 2891 idola
580 2821 730 2907 colunt,
758 2820 816 2889 vel
832 2822 1037 2909 eorum,
1015 2818 1073 2889 oui
1094 2832 1268 2893 creatura

207 2916 414 2990 deserviunt
429 2919 551 3009 potius
567 2937 670 3006 quam
690 2916 878 3007 Creatori,
904 2915 1179 3007 seddieorum,
1207 2920 1268 3009 qui

208 3036 284 3090 non
307 3020 556 3132 probaverunt
578 3015 694 3087 Deum
712 3016 895 3088 haberem
914 3016 1109 3089 notitiamr
1125 3019 1160 3089 in
1181 3038 1271 3108 quo·

117 3147 119 3151 ⁴
207 3134 287 3191 tum
304 3119 420 3205 primo
438 3118 547 3186 titulo
563 3112 766 3206 promiscue
781 3117 928 3209 pagani,
957 3117 991 3187 in
1009 3115 1078 3188 alio
1096 3114 1269 3233 sapientae

209 3235 334 3289 eorum
358 3214 390 3284 u
411 3213 613 3306 philosophi
633 3211 877 3308 designantur:
904 3228 995 3306 puto
1021 3218 1147 3308 quod
1137 3238 1175 3290 in
1196 3218 1271 3290 hoc

208 3317 321 3391 tertio
344 3314 548 3386 indicentur
575 3316 731 3387 heretici
761 3315 820 3384 vel
846 3328 1051 3404 creatorem¹
1069 3314 1186 3389 Deum
1208 3338 1272 3389 ne·

208 3421 356 3513 gentes,
376 3412 435 3486 vel
450 3413 603 3486 diversas
621 3414 855 3506 blasphemias
870 3412 904 3487 in
918 3413 1105 3488 Excelsum
1120 3418 1271 3509 loquen·

142 3515 145 3526 '
208 3532 277 3591 ter.
316 3512 426 3608 lgitur
443 3512 466 3586 si
482 3513 603 3607 singuli
624 3514 755 3604 quique
775 3514 925 3604 horum,
954 3534 1044 3604 quos
1063 3512 1164 3608 supra
1182 3515 1272 3590 dixi-

208 3636 287 3693 mus
312 3615 348 3684 ln
372 3615 472 3684 cultu
492 3612 688 3686 divinitatis
714 3632 859 3706 errare,
886 3614 1015 3686 talibus
1036 3616 1214 3688 malorum·
1230 3618 1273 3687 ti·

207 3717 294 3788 tulii
319 3712 568 3807 designantur,
587 3733 656 3787 noi
676 3714 736 3803 qui
758 3714 923 3786 videmur
946 3712 982 3787 in
1005 3709 1164 3788 Ecclesia
1187 3708 1295 3807 eilaf·

118 3825 129 3831 ·
207 3814 369 3893 &fidem
396 3810 523 3884 ledam
550 3827 698 3901 tenere,
726 3812 991 3887 consideremus
1019 3813 1273 3907 nosmetipsos,

205 3914 242 3992 u
261 3909 698 4012 omni'circumspettione
714 3909 924 4013 pensentur,
952 3932 997 3990 no
1012 3913 1111 3994 sorte
1131 3912 1210 4096 ίοέιι
1229 3915 1274 3994 ah

1191 4033 1220 4093 ld
