2825 4559
156 407 159 416 .
231 343 1062 431 merram-nououamtrnn
1137 324 1217 447 η
1275 393 1277 398 -

122 519 167 593 tis
188 514 262 590 Dei
277 512 465 609 personam
482 510 618 585 referre
639 511 819 586 voluisset.
856 514 983 609 ¹Quod
1000 512 1033 588 dr
1052 515 1089 586 in
1111 513 1195 587 aliis-

121 619 318 712 Scripturae
331 615 423 686 locis
438 612 593 685 similiter
612 613 822 708 intelligitur
838 613 1027 707 defignari,
1044 612 1133 686 sicut
1150 616 1187 686 in
1276 673 1279 684 .

123 719 242 812 primo
266 715 363 787 libro
387 712 619 808 Regnorum,
642 713 707 784 ubi
734 712 822 785 dicit
843 713 1043 785 Dominus:
1078 713 1189 786 Glori-
1257 769 1259 778 .

117 819 260 911 ficantes
278 838 325 884 me
339 811 531 905 glorificabo,
551 813 736 905 spernentes
754 835 802 881 me
812 810 1015 907 spernentur.
1050 811 1093 886 In
1115 831 1190 902 quo

124 915 317 989 evidenter
335 911 534 985 ostenditur
551 913 672 984 dicere
685 910 885 987 Dominum
901 933 989 1003 eos,
1009 914 1066 1004 qui
1084 913 1190 1008 glori-

124 1012 259 1090 ficandi
279 1012 381 1103 sunt,
407 1032 472 1105 per
487 1010 523 1084 se
542 1009 820 1106 glorificandos:
846 1013 891 1085 de
914 1012 1102 1102 hisvero,
1130 1014 1191 1102 qui

125 1112 316 1208 spernendi
340 1109 439 1205 sunt,
466 1130 544 1182 non
564 1108 721 1183 retulisse
743 1111 788 1190 ad
802 1110 859 1204 se,
884 1110 944 1184 sed
964 1109 1125 1185 absolute
1143 1115 1194 1198 di,-
1301 1201 1303 1210 Ι

125 1213 238 1306 sisse,
264 1213 345 1303 quia
365 1209 587 1304 spernentur.
639 1209 676 1282 Si
693 1212 789 1285 eninr
812 1224 853 1283 ut
871 1216 967 1283 bona
986 1231 1050 1302 per
1068 1209 1192 1284 semet-

126 1311 241 1409 ipsum
266 1309 423 1405 prestat,
449 1313 499 1381 ita
527 1309 673 1383 &mala
696 1330 759 1402 per
780 1308 1195 1403 semetipsumretribue·

126 1425 185 1486 ret
202 1411 326 1504 Deus,
354 1406 577 1501 consequens
595 1423 696 1499 erat,
714 1423 756 1481 ut
774 1411 962 1500 quomodo
981 1410 1091 1502 dixit,
1118 1413 1200 1480 Gla·-

128 1515 294 1603 rr'jicantes
309 1535 358 1581 me
371 1508 566 1604 glorificabo,
593 1509 644 1579 ita
662 1509 823 1582 diceret?
845 1507 893 1581 Et
910 1508 1116 1602 spernentes
1136 1533 1194 1583 me

128 1610 304 1706 spernent.
356 1608 426 1683 Sed
450 1609 534 1680 &in
556 1607 627 1682 alio
652 1610 740 1680 loco
761 1628 827 1701 per
846 1608 1061 1701 Prophetam
1085 1609 1199 1683 limile
1319 1647 1321 1652 ·

130 1708 218 1802 quid
243 1709 386 1783 videtur
416 1705 555 1780 ostendi
578 1709 615 1778 in
643 1728 717 1800 eo,
744 1708 843 1798 quod
871 1708 934 1800 hi,
960 1710 1018 1799 qui
1046 1703 1133 1782 eu'nt
1159 1713 1196 1782 in

130 1813 271 1906 iguem,
297 1828 374 1882 non
394 1829 414 1880 a
433 1806 541 1897 Deo,
567 1804 662 1878 seda
682 1804 874 1899 semetipsis
899 1827 981 1881 eum
1008 1809 1198 1881 inveniant

131 1908 342 1998 accensum,
369 1906 459 1979 stcut
485 1906 573 1978 dicit
594 1901 732 1978 Esaias:
771 1910 818 1979 ire
839 1908 1017 1977 inlumina
1038 1916 1122 2001 ignis
1145 1933 1201 1977 ve·

128 2009 214 2109 gisi,
238 2008 277 2085 Θ
287 2007 421 2104 flamma
440 2029 534 2101 quam
553 2006 740 2103 accendistis.
793 2006 843 2078 Et
864 2019 906 2079 ut
923 2009 1040 2080 adhuc
1057 2009 1200 2099 planior

131 2111 267 2184 horum
281 2105 346 2179 fiat
361 2104 534 2194 dissertio,
553 2105 729 2181 addentur
743 2107 850 2179 etiam
864 2106 958 2179 haec:
983 2093 1098 2197 Siquis
1113 2127 1202 2180 con·

134 2223 192 2282 tra
216 2221 435 2302 preceptum
456 2206 585 2278 medici
607 2202 729 2279 sumtis
751 2208 927 2280 malorum
944 2207 1108 2278 ciborum
1127 2205 1202 2278 suc-

103 2337 105 2342 ’
139 2311 212 2398 cis,
239 2305 273 2378 δι
298 2307 465 2400 corporis
491 2306 632 2376 turbata
661 2307 860 2399 temperie,
887 2308 947 2377 vel
974 2306 1114 2397 febres,
1142 2308 1204 2379 vel

137 2407 322 2500 quoslibet
348 2403 597 2498 hujuscemodi
627 2405 823 2477 incurrerit
849 2409 1026 2495 morbos,
1064 2424 1204 2479 certum

138 2507 210 2597 est,
239 2505 337 2597 quod
353 2525 427 2577 non
442 2525 506 2596 per
519 2504 719 2595 medicum,
739 2503 800 2575 sed
817 2526 879 2597 per
896 2507 1207 2595 intemperantiam

136 2605 234 2681 suam
250 2604 384 2696 pestem
402 2605 581 2698 languoris
600 2604 800 2693 acceperit:
826 2604 851 2674 sr
870 2623 962 2673 vero
974 2605 1100 2674 medici
1118 2625 1207 2697 prae·

139 2718 248 2798 cepta
278 2703 483 2776 custodiens
507 2703 544 2774 in
568 2698 737 2795 sospitate
765 2700 959 2793 perduret,
992 2697 1116 2790 utique
1143 2723 1208 2792 per

138 2806 318 2881 medicum
330 2802 479 2876 'dicetur
497 2801 632 2873 habere
647 2804 794 2896 gratiam
812 2799 980 2873 sanitatis.
1016 2802 1103 2874 Hoc
1119 2822 1209 2897 ergo

139 2903 256 2981 modo
274 2900 538 2992 consequenter
557 2897 741 2972 uidebitur
758 2900 862 2975 Deus
884 2899 958 2994 ipse
981 2922 1046 2994 per
1068 2902 1102 2975 se
1129 2901 1212 2976 red·

142 3004 230 3076 dere
248 3002 440 3096 unicuique
456 2999 647 3072 secundum
664 3019 777 3092 opera
795 2999 874 3093 sua,
903 3019 982 3091 quae
1003 3004 1099 3074 bona
1116 3000 1209 3076 sunta

142 3104 235 3179 mala
255 3114 374 3173 autem
392 3103 517 3173 venire
536 3100 780 3194 intelligentur
806 3120 881 3171 non
903 3122 923 3170 a
945 3099 1053 3190 Deo,
1079 3102 1138 3173 sed
1164 3122 1211 3174 ex

145 3199 296 3296 pellimis
319 3201 600 3292 intemperantiae
625 3197 739 3271 succis
759 3198 793 3269 &
813 3199 922 3270 cruda
947 3202 1128 3291 pravitate
1152 3220 1214 3295 ge·

143 3299 295 3378 storum.
346 3296 636 3372 Verum&hoc
655 3296 788 3390 ipsum,
815 3299 914 3388 quod
941 3299 1048 3372 dixit:
1083 3302 1153 3391 Qui
1173 3324 1214 3369 ex

145 3406 351 3474 contentione
371 3395 529 3486 diffidam
550 3398 671 3493 quidem
690 3403 848 3483 veritati,
874 3397 1087 3492 obtemperant
1106 3417 1213 3470 autem

146 3503 344 3595 iniquitati,
370 3493 592 3570 indiscussum
612 3517 688 3569 non
713 3497 931 3570 omittamus.
982 3497 1022 3569 ln
1041 3501 1095 3573 his
1119 3501 1215 3573 enim

123 3600 292 3694 ,fingulis
315 3599 506 3692 languores
527 3596 667 3686 quidam
694 3596 817 3669 anirnae
835 3596 878 3668 ab
898 3594 1081 3688 Apostolo
1106 3597 1231 3693 defig·'

146 3712 304 3787 nentur,
331 3716 484 3787 quorum
502 3695 674 3768 medelam
689 3698 809 3768 nullus
823 3698 1010 3790 inveniet,
1035 3696 1097 3772 nist
1119 3700 1218 3790 prius
1288 3735 1290 3740 ·
1334 3767 1336 3770 .

147 3801 364 3876 morborum
391 3796 612 3890 cognoverit
636 3795 767 3872 causas.
828 3793 876 3868 Et
906 3794 992 3867 ideo
1019 3799 1055 3868 in
1086 3797 1218 3871 divinis

150 3898 348 3991 Scripturis
370 3895 595 3990 aegritudines
621 3895 745 3968 animae
772 3908 1025 3985 numerantur,
1053 3895 1222 3968 &reme-

154 4001 212 4078 dia
233 3997 496 4094 describuntur,
523 4009 565 4068 ut
587 3994 642 4082 hi,
661 3995 731 4180 ssui
751 3993 785 4071 se
811 3994 1041 4097 Apostolitis
1060 3993 1256 4072 lustrum·
1325 4083 1333 4092 Ι,

204 4163 207 4168 ,
309 4161 312 4168 .
609 4147 612 4153 -
728 4121 752 4200 ς
991 4186 994 4192 .
1122 4098 1211 4174 unt
1321 4101 1338 4147 .·.
