2825 4559
213 303 287 402 ⁴30
382 243 670 428 oprot'ms·
704 254 1130 381 contuemur}

214 464 310 563 Usse
325 449 424 537 omnis
443 463 540 554 lsrael
550 460 663 558 [aleus
672 464 791 556 fleret3
813 462 893 558 fissit
906 465 1060 561 scriptum
1078 466 1142 564 efl:
1177 468 1298 539 Vssss'el

217 573 259 641 'ex
276 571 369 651 Sion,
384 568 441 661 qui
458 564 567 648 libsist
582 561 620 638 G
634 578 766 635 avertat
780 568 959 661 impietates
976 565 1013 636 ab
1033 567 1154 662 Jacob:
1184 563 1225 641 ὅ
1242 569 1298 637 bet

215 669 291 738 slsis
307 667 536 763 replementum,
563 687 633 733 cum
649 663 798 761 ebflulsts
809 684 933 759 peccatu
949 657 1072 748 sorim·
1101 666 1241 740 Adhuc
1256 665 1295 740 sd

139 783 150 798 ‘
217 765 313 858 eos,
344 764 403 858 qui
427 783 473 836 ex
501 761 682 836 Gentibus
710 763 959 857 crediderant,
991 763 1087 855 quas
1112 768 1238 841 elatos
1265 767 1294 840 dt

219 864 469 959 superbientes
493 863 681 937 adversum
705 883 826 937 ramos
853 862 1029 955 quilfraeli
1045 862 1147 956 sunt,
1179 866 1294 960 &pu

219 961 365 1049 tentes,
391 963 490 1056 quod
515 965 588 1037 hoc
611 982 690 1048 non
710 963 782 1038 Dei
800 965 966 1037 bonitate
987 962 1219 1047 &ineffabili
1236 963 1294 1038 dis·

219 1063 432 1168 pensatione
454 1060 635 1157 sapientie
660 1064 755 1157 ejus,
783 1061 842 1136 led
861 1060 929 1136 suis
949 1064 1084 1137 meritis
1104 1064 1293 1139 consecuti
1318 1029 1322 1144 s

209 1165 325 1258 sunt,
351 1178 393 1235 ut
407 1164 474 1235 illis
492 1160 681 1255 desradtis,
707 1161 770 1257 ipst
786 1182 867 1236 cum
884 1162 997 1237 essent
1015 1164 1183 1257 oleastri,
1211 1164 1294 1239 inse·
1318 1179 1321 1210 ¹

220 1280 388 1342 serentur
413 1264 450 1335 in
473 1262 607 1339 bonam
624 1264 781 1354 olivam,
807 1263 914 1352 dicit:
941 1264 1025 1335 Nob
1051 1289 1107 1334 eos
1135 1272 1292 1358 ignorare,
1316 1265 1320 1359 ξ

214 1367 363 1462 fratres,
390 1363 655 1457 sumserimus,
680 1380 717 1433 ut
743 1387 810 1433 stsss
831 1359 901 1459 fitis
924 1365 1007 1459 apud
1021 1365 1223 1458 vosmetipsos
1243 1365 1292 1456 fir·

217 1474 365 1566 pientes:
392 1464 473 1553 quia
499 1461 665 1541 insultare
687 1462 811 1557 lapsis,
838 1464 1034 1559 &gloriari
1052 1458 1228 1538 adversus
1247 1485 1309 1536 ra·.

181 1565 184 1571 ’
220 1587 301 1642 mos
328 1564 388 1654 qui
408 1558 508 1635 stadii
532 1562 632 1670 sunt,
659 1583 736 1637 non
752 1558 872 1657 fitper
892 1562 962 1635 Dei
982 1561 1211 1655 sapientiam,
1240 1562 1293 1637 sed

218 1673 287 1764 'per
313 1665 502 1738 humanam
527 1664 751 1755 notabilem,
776 1663 809 1735 de
835 1664 1062 1759 ignorantem
1086 1663 1293 1749 mysterium

221 1768 304 1839 Dei.
362 1764 435 1862 Qui
452 1758 751 1837 enim'secundum
766 1761 887 1835 Deum
905 1760 1014 1855 sapit,
1041 1764 1077 1834 in
1105 1762 1293 1847 benefieiis

220 1866 292 1946 Dei
313 1883 389 1937 non
405 1861 547 1935 insultat
562 1862 728 1955 abjetiis,
754 1860 814 1935 sed
831 1882 912 1935 cum
928 1864 1058 1935 timore
1074 1865 1208 1958 gratias
1227 1865 1294 1960 agit

218 1961 686 2058 misenensem,largientis,
737 1959 798 2033 Est
824 1979 912 2056 ergo
939 1959 1168 2055 mysterium,
1197 1962 1294 2056 quod
1320 1966 1322 1984 '

219 2063 455 2161 ignorabatur
479 2062 522 2132 ab
544 2061 585 2134 iis
609 2062 667 2151 qui
684 2056 921 2151 insultabant,
947 2057 1176 2154 hujusmodi:
1205 2081 1294 2155 quo·

220 2164 335 2240 modo
353 2162 390 2233 in
407 2157 623 2264 dispersroue
639 2156 795 2254 filiorum
806 2157 920 2234 Adam
937 2162 1076 2233 caeteris
1093 2164 1294 2256 quibusque
1320 2155 1326 2288 ᾗ

222 2264 403 2336 Gentibus
427 2258 621 2333 secundum
638 2258 864 2355 Angelorum
879 2270 1070 2336 numerum
1086 2261 1294 2356 distributis,

220 2366 370 2460 propria
389 2361 547 2452 quedam
566 2381 645 2455 pars
665 2358 736 2433 Dei
755 2357 845 2433 fasta
866 2358 908 2434 fir
925 2357 1068 2453 Israel,
1082 2358 1173 2433 ficut
1201 2364 1237 2435 ee
1261 2365 1293 2436 iu

196 2479 200 2490 ‘
221 2468 318 2548 aliis,
345 2463 406 2533 ubi
427 2462 618 2553 oportuit,
640 2458 674 2533 dt
693 2455 733 2533 in'
750 2459 806 2533 his
824 2459 908 2556 ipsis
923 2463 1033 2553 paulo
1048 2458 1210 2555 superius
1228 2483 1295 2536 me·

221 2564 465 2651 mutavimus,
492 2560 535 2632 ad
555 2580 651 2651 quos
673 2559 705 2631 dt
724 2555 1011 2652 repromissones
1031 2560 1240 2653 bonorum,
1266 2561 1296 2635 dt

223 2664 457 2751 testamenta,
485 2660 711 2756 &legislatio
729 2658 820 2732 sabla
835 2658 895 2732 est.
922 2661 1099 2733 Maneut‘e
1115 2681 1205 2756 ergo
1224 2682 1296 2754 pat·

146 2789 157 2834 ,⁴
221 2780 261 2839 te
281 2763 339 2836 ills
358 2759 507 2832 Domini
525 2761 563 2831 in
583 2758 676 2832 statu
692 2757 779 2850 suu,
805 2757 964 2852 possibile
980 2778 1057 2831 non
1075 2774 1175 2848 etat,
1205 2783 1295 2855 nos,

223 2866 445 2954 quictamus
470 2855 631 2949 Gentes,
657 2859 813 2932 introire
831 2859 868 2931 in
884 2859 1126 2932 hereditatem
1142 2859 1238 2954 Dei,
1266 2861 1296 2936 dt
1330 2881 1333 2910 ²

222 2966 260 3035 in
279 2959 407 3053 sceptri
425 2958 499 3049 ejus
514 2957 594 3049 jura
610 2953 812 3033 succedere.
864 2955 1006 3032 Idcirco
1031 2960 1139 3053 igitur
1161 2965 1296 3053 patitur

206 3054 325 3141 ,Deus
345 3069 531 3150 exparte,
558 3057 595 3129 id
618 3055 690 3150 est,
718 3078 795 3131 non
818 3060 1009 3152 omnibus,
1037 3056 1095 3130 sed
1118 3061 1296 3151 aliquibus
1332 3077 1334 3092 ¹

224 3183 271 3236 ex
289 3158 393 3233 lsrael
411 3156 489 3230 fieri
507 3156 729 3248 cecitatem,
755 3159 799 3231 ab
823 3158 891 3229 illis
914 3160 985 3236 fine
1008 3156 1119 3231 dubio
1142 3159 1298 3257 Angelis

223 3263 383 3337 obtentu
406 3256 538 3356 inuidae
562 3257 799 3331 emulationis
823 3256 977 3351 illatam,
1004 3258 1063 3346 qui
1088 3272 1299 3336 ceterarum

224 3362 396 3436 Gentium
411 3356 527 3430 sortiti
542 3353 686 3430 fuerant
700 3357 950 3451 principatum.
1003 3353 1120 3430 Passus
1140 3356 1191 3431 est
1208 3379 1298 3456 ergo

222 3461 348 3553 Deus,
377 3459 507 3530 &eum
525 3455 642 3549 posset
661 3457 881 3556 probibere,
906 3457 1047 3549 noluit,
1074 3471 1115 3529 ut
1135 3477 1202 3553 pro
1227 3461 1295 3554 his,

222 3566 282 3655 qui
310 3563 472 3633 cecitate
496 3553 661 3651 decepti,
688 3551 814 3647 idest,
842 3557 962 3630 cordis
989 3553 1183 3631 obtusione
1210 3581 1296 3651 pro·
1336 3583 1340 3633 t

93 3737 99 3746 ,
175 3715 177 3722 >
222 3661 308 3757 lapsi
326 3660 425 3749 stent,
454 3653 631 3751 ipsorum,
659 3656 719 3747 qui
741 3654 827 3729 istos
841 3654 1080 3752 deceperant,
1100 3658 1294 3750 portiones
1337 3639 1340 3712 Ι

222 3762 317 3835 suam
336 3761 436 3833 Deus
455 3755 591 3829 faceret
606 3760 829 3850 portionem,
845 3771 887 3830 ut
905 3756 1176 3849 quodammodo
1192 3757 1230 3831 in
1248 3777 1295 3832 eo

223 3859 320 3955 ipso,
348 3880 421 3953 quo
446 3870 634 3950 ceperant,
663 3870 890 3954 caperentur,
952 3855 1175 3930 Avertentes
1197 3860 1295 3932 euim

84 4031 91 4042 ,.
174 3955 178 3962 '
224 3963 268 4037 ad
284 3960 318 4036 se
332 3983 398 4055 per
412 3959 554 4054 peceati
570 3956 761 4031 illecebras
776 3954 850 4031 Dei
865 3956 1030 4054 plebem,
1055 3952 1178 4031 lotum
1200 3952 1295 4032 fece·-

84 4081 88 4100 ¹
284 4081 305 4108 ··
1154 4072 1243 4132 runt
