2825 4559
188 307 453 389 mensu.
478 306 557 383 sn
585 303 815 381 nomen.
839 306 941 386 mu.
965 302 1072 389 vsu.
1125 331 1195 410 ns

149 476 251 573 egio,
277 472 440 547 nondum
457 470 544 543 mihi
559 465 718 543 Christus
736 465 887 540 surrexit
904 490 922 541 a
937 471 1100 545 mortuis.
1135 471 1196 548 Aa

149 596 227 649 unc
242 588 361 647 autem
379 569 513 644 sensum
532 569 638 642 etiam
654 588 696 640 ea
712 570 1030 661 conveniuntque
1045 569 1194 662 sequun-

149 696 209 768 sr,
237 672 382 765 quando
401 672 469 742 ait:
498 672 593 739 Dicit
608 672 691 739 enim
709 671 899 763 Scriptura,
925 675 1001 766 quio
1016 677 1196 769 omnis,que'

149 777 385 857 seditiosum,
410 793 474 841 non
492 762 650 861 erubescet.
701 766 788 841 Hoc
813 781 930 848 autem
949 769 1043 861 apud
1059 769 1199 849 Esaiam

149 875 297 967 criptum
313 869 376 945 est.
403 868 553 968 Quodii
569 866 706 948 omnis,
734 869 794 959 qui
810 869 924 939 credit
938 868 975 940 in
990 891 1093 965 eum,
1116 890 1197 949 non

149 970 340 1049 rubescet:
368 966 545 1043 erubescit
568 982 686 1040 autem
713 967 830 1040 omnis
845 968 912 1057 .qui
931 983 1080 1062 peccat,
1107 968 1200 1045 ficut

148 1074 248 1148 idem
264 1070 455 1163 peccavit,
482 1068 693 1153 dissonuit,
721 1065 960 1139 &abscondit
975 1066 1026 1142 se:
1054 1071 1116 1160 qui
1141 1071 1201 1145 ad-

148 1194 204 1249 iuc
221 1173 392 1244 ruborem
407 1168 545 1262 pcccati
563 1168 735 1257 incurrit,
755 1166 902 1240 credere
918 1184 996 1240 non
1015 1170 1174 1245 videtur.

206 1290 241 1367 3.
264 1274 344 1343 Non
359 1273 440 1339 enim
457 1268 494 1364 ‘fl
512 1265 670 1364 disiintiio
688 1264 801 1362 Judai
818 1265 856 1341 (Ἰ
874 1269 986 1342 Grati.
1013 1272 1096 1341 Idem
1113 1276 1212 1347 enim¹

148 1372 191 1463 pso
210 1378 368 1443 Dominus
382 1374 537 1455 omnium,
563 1367 651 1436 dives
670 1371 707 1436 in
722 1370 900 1463 omnes,qui
918 1386 1073 1440 invocant
1090 1371 1197 1447 iilum.

148 1460 247 1543 imnis
269 1478 373 1557 enim,
399 1475 583 1565 quicumque
605 1468 809 1538 invocaverit
827 1491 940 1537 nomen
958 1465 1113 1556 Domini,
1136 1475 1205 1559 Jal-

148 1598 195 1645 oes
214 1575 288 1644 erit.
343 1568 545 1666 Quomodo
563 1566 696 1640 nonsit
714 1562 887 1639 distindiio
905 1566 1025 1641 infide
1040 1569 1153 1662 Judrci
1170 1572 1206 1645 dc

148 1672 273 1763 iraeci,
299 1667 404 1763 supra
418 1670 490 1760 jrm
505 1667 714 1757 frequenter
732 1662 962 1739 ostendimus.
1009 1670 1122 1766 Quod
1144 1692 1208 1745 au·

147 1792 211 1847 ern
228 1771 320 1853 idem
343 1769 385 1842 tit
403 1767 582 1851 Dominus
604 1768 788 1856 omnium,
815 1763 1029 1839 seecundum
1051 1768 1127 1843 haec
1149 1792 1207 1844 ac·

147 1872 249 1965 :ipies
264 1890 342 1960 quae
356 1888 469 1961 nuper
485 1866 656 1939 edidimus
667 1891 679 1961 ;
703 1865 777 1937 hoc
795 1863 868 1963 est,
891 1854 920 1938 Tr
935 1860 1067 1961 justitia
1082 1871 1208 1963 nobis,

147 1970 347 2060 eventis,
374 1969 407 2041 dc
427 1963 683 2058 sanctificatio,
712 1961 948 2061 desipientia,
968 1969 1066 2058 quod
1084 1983 1207 2047 totum
1300 1984 1305 1995 ’

147 2068 187 2145 sst
206 2065 364 2143 Christus
381 2067 584 2160 Dominus,
611 2064 831 2139 dominetur.
883 2064 971 2139 Haec
999 2070 1094 2141 onim
1121 2068 1207 2145 sunt

147 2171 214 2263 'ejus
233 2168 388 2260 divitie,
414 2178 548 2258 utpote
572 2172 610 2235 in
626 2189 684 2263 quo
703 2166 846 2253 thefieuri
859 2167 1026 2261 sapientia
1047 2166 1086 2243 (5
1103 2169 1210 2257 sitien·

147 2276 191 2343 *ie
203 2264 287 2359 sins
301 2267 481 2355 absconditi.
527 2268 626 2360 Quas
645 2278 764 2337 tamen
781 2265 923 2353 divitias
938 2286 1015 2340 non
1034 2268 1128 2340 dixit
1143 2271 1211 2353 lar-¹

147 2368 204 2467 gisi
221 2388 304 2441 eum
322 2366 486 2441 omnibus
503 2364 730 2455 hominibus,
757 2362 814 2436 sed
832 2365 1021 2454 omnibus,
1048 2372 1211 2456 quicum·

146 2488 209 2563 pue
227 2467 488 2541 invocaverint
503 2483 639 2536 nomen
658 2465 746 2554 ejus.
802 2460 875 2537 Sed
893 2464 925 2535 ἃ
943 2466 979 2537 in
997 2466 1070 2537 hoc
1092 2468 1218 2549 innilis¹
1293 2470 1296 2479 ’

146 2567 286 2643 videtur
303 2565 448 2659 quaestio
464 2578 504 2635 ut
522 2564 559 2637 in
577 2564 758 2654 prioribus
776 2561 938 2636 suboriri.
963 2563 1096 2654 Neque
1113 2569 1217 2643 renim.

146 2688 296 2757 omnes,
324 2666 384 2757 qui
404 2682 554 2754 quoquo
573 2662 685 2735 modo
703 2664 961 2736 invocaverint
979 2684 1115 2738 nomen
1133 2666 1215 2740 Do·

146 2768 248 2859 nini,
276 2763 361 2839 salvi
383 2763 451 2836 effe
469 2758 631 2854 poss‘unt,
658 2762 765 2834 etiam
788 2762 811 2836 sr
836 2783 913 2835 non
939 2768 1078 2859 egerint
1098 2786 1215 2860 opera

146 2866 309 2945 invocati
334 2864 493 2937 nominis
520 2860 646 2957 digna,
682 2863 835 2936 maxime
862 2883 944 2937 cum
971 2865 1004 2935 u
1030 2864 1217 2957 Sapientia

146 2966 217 3045 Dei
235 2967 274 3038 in
289 2960 497 3057 Proverbiis
517 2961 630 3035 dicat:
661 2962 740 3033 Erit
754 2969 866 3055 enim,¹
886 2987 955 3033 cum
979 2969 1216 3038 invocaveritis

146 3090 207 3155 me,
232 3088 283 3159 ego
300 3075 406 3135 aetem
425 3087 490 3133 non
507 3064 673 3132 exaudiam
687 3085 755 3135 vos.
806 3062 848 3137 In
867 3083 940 3155 quo
962 3066 1108 3137 videtur
1125 3068 1215 3141 rmihi

146 3166 329 3260 Sapientia
348 3162 534 3235 cohortari
553 3160 586 3235 dt
606 3181 799 3256 perurgere
818 3183 895 3249 eos,
922 3165 981 3255 qui
1000 3162 1124 3237 salvari
1148 3187 1217 3239 vo-

145 3269 249 3357 lunt,
274 3277 316 3337 ut
337 3264 441 3336 citius
465 3263 642 3334 invocent
664 3262 903 3353 Sapientiam,
929 3280 1218 3357 memorentur,

145 3385 269 3457 neque
285 3360 475 3436 differant:
501 3382 547 3433 ne
568 3360 688 3452 forte,
716 3381 797 3433 cum
812 3359 981 3434 statutum
999 3377 1140 3455 tempus
1158 3387 1221 3438 ex·

145 3462 311 3546 cefferit,
337 3463 410 3535 hoc
428 3458 500 3553 est,
527 3463 563 3533 in
580 3480 653 3549 quo
667 3460 863 3550 poenitendi
882 3458 1031 3536 facultas
1048 3462 1122 3553 est,
1149 3480 1222 3539 tar·

147 3570 197 3643 de
213 3560 296 3659 post
312 3563 389 3635 haec
402 3563 599 3651 invocent,
625 3560 685 3633 ubi
703 3560 922 3651 poenitentiae
936 3562 1040 3634 locus
1061 3584 1138 3636 non
1160 3564 1225 3651 est.

145 3666 202 3745 Et
218 3664 304 3737 hinc
318 3661 428 3751 dicit,
455 3661 535 3750 quia
552 3660 741 3729 invocabitis
760 3684 824 3745 me,
851 3658 890 3738 6
907 3685 955 3754 ego
974 3688 1040 3732 nan
1054 3667 1226 3737 exaudiant

150 3788 223 3840 voa.
250 3764 377 3835 Sermo
394 3773 515 3833 tamen
530 3757 604 3850 hic,
616 3778 719 3848 quem
735 3763 839 3852 ponit
850 3759 1074 3856 Apostolus,
1102 3764 1138 3836 id
1155 3764 1225 3843 ests

153 3865 578 3961 Quicumque-invocaverit
598 3882 711 3929 nemen
732 3865 882 3948 Domini,
894 3864 1105 3952 solverem,
1131 3865 1226 3958 apud

156 3968 243 4069 joel
260 3960 479 4061 Prophetam
497 3959 572 4037 hoc
586 3959 700 4037 modo
725 3957 875 4059 scriptus
895 3962 964 4041 est:
994 3964 1041 4038 Et
1061 3964 1139 4132 άιιςοΙ
1158 3988 1229 4078 pra.

1133 4087 1204 4153 13}ss
