2825 4559
264 349 326 428 ru
351 339 524 426 sess‘r.
554 345 633 424 so
657 315 891 425 nomem.
917 347 1020 427 ere.
1046 347 1115 426 rx.
1166 367 1238 444 443
1283 273 1289 304 ⁸

147 479 316 592 'omnem
340 504 521 587 scientium
545 526 746 585 renovatus
763 509 805 584 fit
826 509 965 604 sensus,
992 511 1146 588 &totus
1166 514 1240 592 Dei

164 617 340 710 sapientia
364 614 605 700 illuminatus,
639 614 796 712 probare
820 631 897 684 non
925 610 1065 705 potest,
1091 634 1169 706 quae
1196 617 1253 698 sit.

164 718 341 788 voluntas
358 713 443 788 Dei.
496 712 538 785 In
555 711 676 785 muisis
696 712 792 785 enim
811 723 958 805 putetur
974 710 1044 794 esse
1065 716 1236 790 voluntis

168 816 263 906 Dei,
290 815 417 888 &non
430 811 497 888 est.
549 810 592 884 ln
609 829 683 901 quo
701 811 737 886 hi
763 811 905 902 utique,
932 810 993 902 qui
1007 810 1141 908 sensum
1158 836 1236 894 nors

162 916 305 989 hibent
323 929 561 999 renovatum,
586 915 709 983 errant
737 908 977 986 &feliuntun
1029 909 1091 986 Est
1116 930 1236 993 autem
1314 935 1320 946 ’

166 1025 300 1088 revera
314 1033 391 1087 nou
410 1015 667 1104 cuiuscumque
685 1007 827 1101 seusus,
854 1008 912 1084 sed
931 1010 1036 1086 valde
1051 1021 1238 1113 renovati,

170 1114 205 1187 δι
230 1122 299 1204 (ιιι.
314 1113 364 1185 ite
389 1112 525 1205 dicam)
553 1110 597 1184 sd
620 1109 690 1184 Dei
713 1110 784 1203 jem
809 1111 998 1208 imaginem
1024 1113 1236 1212 reformati,

169 1215 329 1308 probare
343 1216 380 1286 in
395 1212 536 1308 singulis
554 1211 776 1304 quibusque,
802 1229 879 1302 quae
902 1212 1058 1308 agimus,
1086 1235 1162 1306 que
1183 1223 1239 1293 lo·
1307 1259 1309 1266 ·

171 1305 335 1406 quisnur,
353 1333 431 1403 quor
448 1313 667 1407 cogitamus,
692 1310 774 1384 srfit
789 1314 960 1384 voluntas
980 1309 1072 1400 Dei3
1100 1314 1239 1395 &nihil

171 1413 324 1487 omnino
354 1415 569 1506 eclogem,
596 1411 657 1483 vei
680 1410 821 1495 dicere,
847 1411 908 1482 vel
929 1413 1111 1506 cogitare,
1138 1421 1239 1509 quod
1288 1459 1293 1466 ·

171 1512 357 1586 voluntati
374 1511 445 1585 Dei
463 1529 540 1583 non
559 1507 702 1584 senserit
719 1509 932 1592 convenire.
960 1515 1041 1606 Qua
1049 1514 1241 1609 fininquis,

171 1614 325 1683 voluntas
349 1616 431 1699 Dei,
458 1612 538 1706 quod
557 1611 683 1695 bonum,
696 1611 740 1696 fis
754 1609 1037 1702 beneplacitum
1051 1616 1238 1709 perfossum.

173 1712 212 1783 Si
234 1708 425 1785 seeundum
447 1709 521 1783 hoc
538 1711 717 1805 legamus,
744 1709 842 1801 quod
859 1710 897 1782 in
913 1711 1032 1784 latinis
1051 1716 1241 1795 codicibus

166 1812 404 1904 invenimus,
431 1810 490 1883 hic
514 1810 583 1883 erit
608 1806 744 1882 sensus:
770 1808 866 1908 Quis
890 1810 1065 1886 voluutas·
1082 1814 1154 1890 Dei
1175 1818 1242 1916 est,

175 1906 945 2099 suissuisassiduissimi
959 1912 1245 2095 iiiiii-‘ii

175 2035 305 2203 utiqde
328 2108 426 2207 quod
444 2111 580 2183 bonum
597 2106 648 2181 est
662 2105 697 2179 dr
713 2061 940 2203 p’erieeium,
955 2109 1028 2186 sine
1042 2113 1154 2189 dubio
1172 2118 1246 2196 hoc

179 2211 268 2286 Deo
293 2211 423 2304 ploret.
474 2207 509 2279 Si
533 2219 625 2280 uero
643 2204 836 2282 secundum
853 2209 948 2301 hoc,
974 2214 1072 2303 quod
1093 2216 1246 2295 diximus

180 2310 275 2403 apud
295 2309 448 2382 Grecos
464 2307 612 2385 heberi>¹
634 2307 669 2380 id
697 2306 772 2400 est,
807 2312 852 2380 Ur
866 2310 1024 2405 proberis,
1050 2338 1117 2411 qua
1129 2318 1174 2412 fir
1191 2345 1250 2394 vs·

178 2412 290 2482 sensas
309 2413 374 2480 Dei
388 2409 487 2494 bona,
511 2407 550 2483 di
567 2406 776 2503 beneplacita,
802 2405 842 2484 (ὅ
853 2407 1017 2503 porsessa,
1040 2415 1159 2507 potest
1171 2422 1247 2511 qui.

178 2509 387 2596 demidem,
415 2507 512 2599 quod
528 2504 818 2599 supradiximus,
846 2510 984 2606 videri,
1011 2518 1108 2604 quod
1127 2506 1247 2595 omnis¹
1300 2547 1314 2576 ι

180 2610 356 2682 voluntas
386 2607 458 2681 Dei
482 2607 581 2680 bone
606 2605 668 2698 sit,
685 2606 729 2680 dr
752 2606 999 2704 benepiscite,
1027 2611 1249 2706 &perferen

178 2708 303 2783 Potest
322 2720 441 2782 eutem
457 2703 490 2777 dr
506 2708 578 2778 tile
599 2706 731 2797 aliquid
753 2707 787 2780 in
803 2707 856 2780 his
873 2706 1097 2788 sermonibus
1115 2712 1251 2815 sentiri,

179 2808 264 2900 quie
278 2807 347 2879 Dei
364 2806 505 2899 quidem
524 2806 695 2878 voluntas
722 2805 859 2897 semper
879 2808 978 2884 bona
997 2809 1068 2903 est,
1096 2812 1250 2895 sednon
1283 2821 1285 2826 '

179 2907 318 3004 semper
341 2909 437 2981 bons
454 2902 529 3000 ejus
549 2907 743 2978 voluntate
761 2903 949 3000 dispensari
964 2930 1162 3012 meremur,
1189 2942 1253 2995 ne.

178 3027 251 3099 que
269 3008 495 3102 beneplacita
510 3007 544 3078 dr
560 3002 729 3100 perieris.
757 3007 872 3082 Verbi
893 3006 1016 3104 ceusu,
1042 3027 1084 3086 ut
1099 3035 1251 3115 ungere-

181 3121 242 3182 tur
265 3107 346 3180 Ssui
372 3110 408 3180 in
432 3126 576 3202 regem,
609 3103 679 3178 fuit
706 3106 849 3196 quidem
873 3111 1046 3184 voluntas
1072 3113 1165 3208 Dei,
1192 3118 1253 3194 sed

182 3225 263 3286 non
282 3207 529 3301 beneplacita,
555 3224 673 3296 neque
686 3204 856 3297 persesie.
900 3206 1058 3284 Irascens
1076 3217 1171 3292 enim
1186 3239 1255 3314 po.

182 3309 294 3408 puio',
319 3309 379 3398 qui
401 3306 623 3379 refutaverat
642 3303 760 3378 Deum
784 3307 919 3380 habere
944 3307 1099 3400 superse
1117 3336 1253 3414 regem,

182 3427 306 3504 regem
325 3407 376 3482 eis
390 3404 575 3480 hominem
589 3403 682 3495 jussit
698 3404 843 3483 institui.
870 3405 990 3482 Sed&
1008 3407 1190 3507 Propheta
1208 3437 1258 3496 ei

183 3504 340 3602 persona
360 3506 430 3577 Dei
448 3506 555 3580 dicit:
584 3505 699 3589 Dimifi
722 3530 771 3576 eos
793 3506 962 3596 secundum
985 3512 1133 3607 defiderr'a
1154 3522 1258 3593 cordis

185 3632 309 3694 eorum,
336 3621 373 3676 ui
390 3611 479 3676 irent
494 3611 531 3673 in
545 3605 773 3700 cupiditatibus
784 3607 865 3698 suis.
915 3607 1079 3709 sicergo
1097 3619 1258 3710 aliquan·

187 3706 237 3779 do
256 3704 297 3778 sit
319 3705 491 3780 voluntas
509 3702 579 3775 Dei
599 3704 726 3790 iubis,
752 3703 788 3775 in
815 3707 945 3797 quibus
970 3716 1258 3810 concupiscimus

190 3804 225 3882 dr
248 3805 504 3879 desideremus:
534 3799 669 3894 sed-qui
689 3820 890 3879 renovatus
909 3807 960 3882 est
977 3809 1100 3910 sensu,
1116 3826 1260 3912 proba·
1320 3881 1324 3890 .

188 3927 230 3984 se
249 3908 380 3994 debet,
406 3906 429 3980 si
449 3905 621 3976 voluntas
640 3903 710 3985 Dei
727 3902 803 3974 haec
821 3905 918 3981 bone
936 3907 1009 4002 est,
1037 3913 1070 3985 st
1091 3921 1262 4015 benepies

191 4010 284 4100 cire,
310 4023 418 4106 etque
432 4002 614 4107 possessu
641 4003 883 4105 sipunculis,
909 4028 986 4107 quae
1003 4018 1113 4117 magis
1130 4019 1265 4192 deiuge·

1217 4137 1243 4192 ι
