2825 4559
134 279 139 302 ¹
195 330 273 412 -132
364 233 656 412 oratorum
695 307 1104 387 commentar.
1152 387 1156 416 ,

192 473 248 548 de
261 470 404 564 Moysi,
432 472 491 544 ted
509 470 704 546 denatura
720 474 802 567 lege
819 471 1039 566 conscripta:
1065 474 1115 546 ita
1132 491 1202 548 nec
1222 474 1273 570 illi

201 572 346 664 quidem
373 572 540 645 invenire
566 573 697 666 aliquid
722 587 919 665 poterunt,
955 574 1167 665 quomodo,
1193 594 1273 664 quae

199 671 359 764 superius
379 669 468 744 didta
489 670 592 764 sunt,
618 673 662 746 ad
679 671 801 764 Moysi
820 670 963 767 p'otius,
991 671 1093 763 quam
1111 673 1153 744 ad
1169 686 1273 746 natu·

97 789 101 801 ’
188 791 249 846 ao
266 774 380 868 legem
398 770 574 863 respicere
587 771 799 846 videantur:
827 772 860 845 u
884 773 969 847 ideo
994 774 1083 847 sicut
1103 774 1171 846 illis
1195 793 1274 847 non

198 872 337 946 ideirco
356 872 483 964 priora
495 869 659 963 stabunt,
681 876 762 963 quia
778 874 948 946 videntur
964 870 1165 965 posteriora
1184 893 1272 946 con-

190 971 314 1062 siare,
340 975 391 1056 ita
410 990 479 1045 nec
497 973 603 1045 nobis
624 974 766 1063 quidem
788 987 963 1066 poterunt
986 974 1097 1063 prima
1121 973 1271 1061 turbari,

198 1071 225 1146 st
238 1070 390 1145 secunda
401 1068 479 1142 non
491 1070 624 1146 eodem
637 1092 782 1146 currere
797 1074 939 1145 tramite
955 1072 1157 1147 videantur.
1170 1074 1269 1167 Quid

196 1169 335 1265 igitur?
371 1170 561 1244 Contraria
584 1171 647 1245 sibi
673 1171 825 1246 scribere
846 1173 1004 1246 dicemus
1023 1169 1268 1264 Apostolum?

198 1270 249 1344 Et
264 1272 340 1345 haec
358 1273 427 1343 erit
444 1270 576 1367 egregii
594 1275 835 1363 explanatoris
854 1271 1012 1345 assertio:
1040 1273 1153 1367 Quod
1175 1273 1267 1344 acci·

81 1372 84 1378 ’
122 1429 123 1433 ,
196 1370 284 1444 dere
302 1373 370 1443 illis
387 1367 498 1461 solet,
525 1372 585 1462 qui
606 1371 822 1445 indiversus
841 1370 1007 1445 sedarum
1025 1367 1140 1444 sensus
1156 1391 1267 1447 unum

197 1468 284 1554 fidoi
307 1472 436 1566 dogma
458 1470 701 1565 disrumpunt,
729 1472 839 1544 &illa
854 1484 993 1545 tantum
1011 1472 1056 1542 de
1075 1472 1265 1562 Scripturia

197 1570 331 1644 divinis
348 1569 550 1644 testimonia
564 1576 771 1667 explorant,
787 1576 914 1663 quibus
933 1572 1116 1664 proprium
1135 1573 1266 1666 dogma

117 1710 121 1718 ,
196 1670 438 1761 constituant,
473 1692 596 1747 earum
622 1693 737 1765 vero,
771 1695 848 1763 que
875 1695 895 1744 e
924 1670 1068 1744 diverso
1095 1674 1263 1760 veniunt,

194 1770 388 1862 Scripturae
406 1772 536 1844 divinae
551 1770 803 1845 sententiarum
820 1768 1065 1844 absolutiones
1084 1790 1130 1843 ne
1148 1785 1265 1844 extre·

191 1890 255 1943 mo
272 1875 328 1957 (ut
347 1872 395 1941 ait
414 1870 608 1960 Dominus)
630 1872 743 1966 digito
760 1872 987 1966 contingunt
1015 1870 1083 1942 Sed
1100 1891 1160 1961 qur
1151 1866 1263 1943 ²-fida

192 1965 275 2052 liter
295 1969 484 2063 &integre
503 1967 682 2044 sacrorum
704 1974 927 2045 voluminum
953 1971 1093 2063 colligit
1112 1968 1263 2061 sensum,

193 2070 304 2142 debet
331 2067 546 2184 ostendere,
580 2073 803 2164 quomodo
795 2093 859 2161 ea,
884 2087 972 2160 quae
997 2072 1167 2142 videntur
1191 2067 1263 2144 else

193 2170 397 2261 contraria,
423 2189 499 2242 non
516 2166 596 2242 sunt
615 2192 702 2244 vere
717 2172 909 2243 contraria.
951 2167 1188 2242 Tentabimus
1206 2190 1263 2243 er·

179 2290 239 2364 go
261 2272 367 2340 etiam
387 2272 424 2341 in
441 2268 606 2361 praesenti
623 2271 711 2343 loco
732 2268 935 2362 ostendere,
948 2271 1136 2360 quomodo
1149 2270 1264 2361 priori

190 2369 407 2461 expositioni
425 2366 556 2442 nostrae
570 2370 653 2443 -haec
671 2369 882 2460 subsequens
903 2390 978 2444 non
996 2382 1184 2462 repugnet.
1194 2369 1264 2443 Se·

188 2490 236 2561 pe
251 2469 458 2551 diximum&
475 2469 683 2543 evidentius
700 2472 737 2543 in
752 2469 967 2544 Prasatione
986 2469 1151 2559 diximus,
1162 2469 1261 2559 quod

188 2571 240 2641 itt
262 2567 460 2662 Apostolus
481 2569 518 2642 in
537 2571 604 2642 hac
624 2568 783 2663 Epistola
801 2570 992 2646 multarum
1012 2571 1130 2663 legum
1149 2567 1259 2643 saciat

188 2674 434 2759 mentionem,
459 2684 501 2741 ut
526 2690 608 2743 cum
636 2672 773 2744 deuna
797 2670 1004 2743 adaltoram
1029 2667 1171 2761 transit,
1194 2665 1260 2742 ¹du·

186 2770 361 2882 prehendi
379 2767 439 2841 nisr
460 2770 504 2839 ab
520 2770 667 2844 intento
685 2766 766 2843 satis
785 2768 923 2843 ledlore
943 2771 1005 2840 vix
1024 2766 1139 2860 possit
1192 2767 1256 2844 Di·

183 2883 288 2942 xerat
305 2870 342 2940 in
359 2867 621 2959 superioribus,
650 2874 731 2960 quia
745 2890 802 2965 per
819 2871 911 2961 legem
926 2874 1046 2961 agnitio
1058 2872 1177 2964 peccati
1191 2869 1253 2968 est.-

184 2967 219 3038 &
230 2968 313 3058 quia
328 2965 432 3039 sensit
446 2965 548 3080 polle
563 2965 696 3041 scilicet
710 2968 938 3072 responderi:
965 2967 1063 3062 Ergo
1081 2967 1103 3041 fi
1119 2970 1269 3084 exlege

181 3067 333 3141 naturali
352 3068 490 3161 agnitio
507 3069 648 3160 peccati
667 3066 740 3159 est,
767 3055 887 3163 p'otest
907 3091 951 3141 ex
969 3070 1039 3160 ipsa
1064 3068 1251 3163 &agnitio

180 3165 251 3244 esse
267 3165 431 3281 iustitiae,
458 3164 651 3241 secundum
670 3168 763 3240 illam
784 3167 918 3240 scilicet
939 3188 1042 3259 quam
1064 3168 1188 3260 supra
1178 3190 1251 3242 me·

178 3267 305 3340 dicinae
331 3270 415 3338 artis
444 3267 634 3361 imaginem
662 3267 843 3342 dedimus:
879 3280 920 3339 ut
949 3267 1250 3383 quemadmodum

109 3389 112 3394 ·
176 3385 243 3458 per
259 3368 354 3440 illam
372 3368 525 3461 languor
541 3363 769 3462 agnoscitur,
804 3383 844 3440 ut
869 3363 1033 3458 sanitas'
1023 3370 1247 3461 inveniatur,

173 3469 225 3539 lta
241 3467 348 3539 etiam
366 3486 430 3556 per
446 3468 563 3560 legem
581 3482 716 3539 nature
733 3465 756 3540 li
777 3465 895 3558 potest
915 3469 1047 3561 agnitio
1066 3460 1143 3540 fieri
1161 3488 1246 3561 peo-

174 3568 256 3651 cati,
272 3564 430 3639 similiter
444 3566 549 3656 polfit
565 3565 753 3657 &justitie
767 3564 854 3641 fieri.
883 3567 966 3638 lloc
987 3586 1074 3663 ergo
1092 3587 1172 3642 curn
1191 3569 1244 3639 vi·

132 3664 273 3740 disset
293 3662 393 3759 poss'e
413 3664 474 3738 sibi
490 3661 617 3779 objici,
632 3664 819 3758 postquam
837 3663 946 3740 dixit.
976 3667 1243 3761 perlegendum

168 3774 275 3860 agnito
289 3771 423 3861 peccati,
450 3762 650 3858 subjungit:
688 3765 792 3838 Nunc
819 3783 923 3838 autem
942 3768 1012 3859 fine
1033 3770 1095 3859 iege
1113 3771 1242 3863 juditia

166 3870 233 3939 Dei
248 3890 322 3935 mon
324 3865 447 3961 sesiam
462 3863 513 3960 esi.
563 3863 656 3936 Tale
680 3865 732 3938 est
755 3885 866 3961 ergo,
894 3866 992 3957 quod
1010 3868 1118 3939 dicit:
1148 3869 1239 3943 Non

154 3967 254 4038 deut
270 3985 345 4058 per
369 3966 503 4111 legem
513 3966 650 4063 agnitio
675 3969 844 4074 pecual,
876 3965 928 4041 ita
946 3966 979 4042 dr
992 3966 1237 4140 ωιηίῑεὲἰιιῑο

181 4125 184 4130 .
1088 4088 1167 4159 lul
