2825 4559
232 317 300 399 IN
324 310 497 391 EPIST.
522 310 601 390 Au
627 308 863 387 ROMAN.
888 310 994 389 LIB.
1020 310 1121 389 VII.
1174 322 1243 407 381

146 484 230 579 qui
250 484 347 555 inter
364 478 529 553 homines
541 473 755 569 spernuntur
772 472 805 545 dr
820 474 970 549 humiles
986 471 1087 565 sunt,
1114 474 1245 551 miseri·

154 584 302 659 cordia
321 580 395 671 ejus
419 576 640 665 ostenditur,
665 574 821 664 quinon
843 575 878 645 in
902 573 1037 649 divitiis
1062 576 1149 665 suit,
1174 596 1245 649 neu

148 686 204 758 in
225 682 395 775 potentie
408 676 484 761 sua,
501 676 559 749 sed
574 676 610 747 in
625 673 792 747 Domino
809 670 959 763 sperant.
989 673 1089 747 Sicut
1106 674 1139 747 dr
1154 686 1244 749 tune

146 783 412 868 Hebraeorum
438 796 525 871 gens
547 773 728 867 desperrte
746 773 840 845 inter
857 772 1023 847 homines
1043 775 1077 845 dt
1092 774 1241 869 abjedie,

161 904 187 955 n
207 882 297 956 Deo
316 876 591 968 misericordiam
609 871 804 944 consecuta
821 870 891 945 est:
915 873 966 945 itu
988 893 1076 969 ergo
1095 872 1128 945 dt
1146 894 1245 949 uunc

192 979 333 1075 opulus
350 974 537 1065 Gentium,
554 976 612 1066 qui
630 970 911 1064 spernebatur&
928 972 1180 1066 desperabatur
1198 978 1243 1051 ab

190 1081 247 1170 ie,
276 1078 397 1169 quiin
421 1072 692 1147 circumdisroue
711 1071 930 1165 glorientur,
963 1072 1242 1149 misericordium

162 1176 391 1253 consecutus
410 1172 470 1245 est.
521 1173 590 1245 Sed
609 1170 697 1243 illud
715 1168 786 1261 est,
813 1172 911 1263 quod
933 1175 1047 1247 acrius
1067 1174 1241 1249 debemur

161 1276 383 1363 intendere,
411 1274 491 1364 quie
511 1272 613 1345 &isli
637 1266 821 1343 consecuti
846 1271 925 1345 sunt
950 1271 1243 1367 misericordiam,

166 1378 206 1451 u
234 1378 338 1471 plebs
363 1375 432 1445 Dei
457 1370 624 1464 appellati
648 1367 746 1447 sunt,
781 1369 814 1441 dr
839 1368 956 1445 diledii
981 1371 1049 1446 Dei
1074 1372 1242 1449 suerunt:

165 1476 232 1551 sed
263 1478 431 1567 quoniam
464 1472 606 1545 seruere
633 1486 817 1561 acceptam
846 1476 991 1567 gratiam
1019 1472 1243 1569 nescierunt,

167 1578 307 1650 dicitur
325 1578 367 1645 ad
383 1593 467 1645 eost
497 1576 536 1643 In
556 1570 669 1668 quibus
686 1574 899 1641 meditabatur
917 1580 1114 1645 commoratio
1135 1576 1243 1664 litori,

171 1674 278 1767 dimifi
300 1699 383 1758 eom,
409 1674 446 1748 Θ
466 1675 535 1743 dedi
554 1678 583 1742 ei
605 1670 743 1741 libellum
767 1675 889 1765 repudii
908 1676 943 1743 in
961 1700 1073 1744 monus
1084 1676 1180 1763 sunt:
1208 1674 1245 1747 ἅ

172 1776 266 1847 item
292 1776 393 1845 alibi:
434 1771 525 1843 ruris·
545 1770 613 1863 eliis
635 1770 718 1838 mihi
734 1777 771 1839 in
786 1774 984 1860 sotietatem,
1006 1779 1076 1870 jam
1101 1800 1169 1845 non
1194 1777 1246 1845 di·

170 1882 305 1945 mirram
323 1891 444 1969 peccata
461 1873 577 1967 vepro.
628 1866 678 1941 Et
691 1890 756 1964 per
774 1870 962 1963 Jeremiont
988 1874 1169 1949 Dominur
1193 1876 1248 1948 di·

173 1976 250 2047 cit:
277 1978 370 2043 Sicut
391 1974 532 2068 spelunca
558 1973 665 2065 hyena
684 1970 779 2062 fodio
805 1972 843 2067 ep
869 1977 949 2044 milri
973 1976 1139 2046 hareditas
1164 2000 1245 2052 mea.

167 2070 233 2149 Ne
253 2070 352 2147 forte
370 2077 477 2147 etiam
496 2092 590 2161 nos,
617 2070 675 2161 qui
696 2091 773 2143 non
793 2070 923 2147 fuimus
944 2076 1045 2170 plebs
1062 2074 1156 2165 Dei,
1183 2072 1244 2149 sed

167 2192 237 2270 per
255 2174 398 2247 divitias
417 2174 540 2266 gloriae
558 2170 627 2243 sue:
644 2173 798 2241 vocavit
816 2191 884 2245 nos
903 2176 1045 2267 plebem
1065 2172 1180 2267 suant,
1207 2176 1243 2248 dt

170 2275 326 2365 quinon
343 2270 473 2344 fuimus
488 2268 629 2359 ditebi,
655 2267 714 2340 sed
728 2266 810 2341 fodri
827 2270 943 2345 sumus
959 2272 1098 2365 dilecti,
1126 2275 1159 2345 ἃ
1178 2272 1245 2349 filii

168 2374 244 2449 Dei
263 2373 363 2463 vivi,
390 2371 510 2444 sinon
533 2384 573 2442 ut
587 2365 651 2441 filii
668 2368 757 2441 lucis
780 2367 895 2443 &filii
915 2373 984 2445 Dei
1008 2375 1244 2465 ambulemus,

171 2470 290 2545 finon
306 2484 346 2542 ut
363 2474 463 2562 plebs
483 2472 553 2543 Dei
574 2470 623 2539 ita
642 2490 805 2561 egemus,
839 2487 876 2540 ut
900 2476 1047 2541 videntes
1073 2474 1241 2549 homines

171 2594 264 2669 opero
286 2570 409 2643 nostra
431 2576 525 2651 bono,
550 2571 751 2659 magnificent
773 2574 899 2640 Patrem
915 2570 1093 2659 nostrum,
1121 2598 1177 2669 qm
1207 2578 1245 2644 in

170 2674 253 2743 celis
271 2670 330 2767 epi,
357 2668 555 2743 verendum
582 2668 652 2760 est,
677 2688 725 2741 ne
750 2670 848 2743 illum
869 2668 1069 2745 sermonem
1088 2676 1245 2746 incurra-

169 2792 251 2848 mus
267 2767 455 2861 Apostoli,
481 2790 555 2860 quo
571 2770 638 2841 ait:
666 2771 706 2837 Si
722 2777 804 2840 eninr
822 2774 911 2842 Deus
924 2775 1128 2845 naturalibos
1145 2778 1244 2845 ramis

173 2897 242 2945 non
256 2873 409 2965 pepercit,
435 2896 488 2938 nec
502 2870 566 2939 tibi
577 2886 694 2964 parcet.

248 2975 343 3043 Sicut
364 2976 399 3038 in
419 2970 490 3057 Osee
508 2972 606 3038 dicit:
639 2966 755 3040 Vocoio
774 2992 840 3039 non
855 2968 969 3065 piebem
985 2994 1102 3049 meam,
1125 2971 1244 3069 piebem

173 3092 293 3155 meum
320 3070 359 3144 (s
378 3094 442 3139 non
462 3068 623 3155 atteiam,
650 3067 820 3155 dilubium
848 3072 886 3145 U
913 3096 980 3143 nott
1005 3072 1244 3161 misericordiam

173 3174 382 3258 consecutam,
408 3170 645 3258 misericordium
663 3171 867 3256 consecutam.
924 3174 969 3245 Et
993 3178 1079 3243 erit:
1109 3176 1147 3245 sn
1168 3175 1243 3263 ioco,

170 3273 229 3344 ubi
242 3270 360 3343 dicium
375 3266 414 3361 esi
428 3275 493 3338 eis:
521 3272 599 3341 Non
612 3268 696 3361 plebs
714 3294 779 3339 mea
793 3290 871 3355 ‘uos3
899 3272 944 3341 ibi
965 3273 1161 3343 vorabuntur
1169 3276 1243 3363 filit

170 3378 240 3447 Dei
254 3374 342 3441 vivi.
368 3367 630 3441 Testimonium
645 3368 726 3441 sane
746 3370 843 3461 hot,
869 3371 967 3462 quud
986 3372 1031 3446 de
1047 3371 1142 3449 Osee
1156 3370 1243 3447 essu·

169 3475 237 3550 mit
255 3468 477 3564 Apostolus,
505 3482 676 3557 qttantunt
700 3468 743 3540 ad
766 3470 888 3543 locunt
913 3471 1023 3564 ipsum
1048 3470 1243 3566 Prophetee

170 3574 354 3668 pertinet,
380 3590 456 3642 non
486 3568 629 3641 videtur
655 3569 700 3641 de
729 3566 931 3671 Gentibus,
960 3570 1018 3644 sed
1038 3574 1082 3646 de
1099 3574 1243 3665 populo

171 3670 279 3746 lsrael
291 3670 372 3745 dici.
400 3668 489 3761 Sed,
503 3682 557 3739 ut
573 3668 610 3740 in
627 3665 866 3760 superioribus
883 3668 1055 3763 diximus,
1082 3690 1126 3744 ex
1141 3670 1243 3746 simili

172 3770 304 3845 Paulur
327 3766 430 3844 sumit
447 3768 670 3858 exemplum,
698 3782 739 3839 ut
763 3763 949 3863 ostendet,
976 3770 1243 3860 quiasrcutillie

171 3870 374 3967 quondam,
402 3887 483 3943 cunt
502 3866 628 3961 abjedti
648 3864 760 3939 essent
776 3868 809 3937 δι
823 3866 1017 3961 desperati,
1045 3870 1174 3945 dissum
1191 3864 1244 3945 est

169 3974 309 4071 primu:
340 3970 402 4043 Vor
421 3992 486 4041 non
496 3970 627 4066 populus
642 3992 738 4060 mous,
749 3966 787 4044 ts
802 3992 850 4065 epo
865 3992 931 4043 non
943 3971 1013 4063 sum
1028 3974 1242 4138 uqierflgope
