2825 4559
165 257 177 266 ..
237 337 307 411 κει
401 303 690 404 oraturum
733 323 1141 435 cuuuaurau.

144 4073 178 4143 ι
206 4163 210 4170 .

235 493 282 565 tie
300 503 478 564 amatores
494 489 564 564 eiie
580 489 779 570 videamur.
832 489 1029 585 Propterea
1046 513 1133 589 ergo
1155 492 1303 576 dicitur:

235 595 277 664 Si
293 593 365 685 quis
377 592 408 680 se
421 607 518 688 putat
533 588 710 686 cognouisse,
727 590 865 665 nondum
882 597 1036 687 coguovit,
1052 596 1304 689 quemadmodum

235 705 375 788 oporteat
389 691 481 778 [cire.
506 688 672 768 Fortaiirs
688 691 783 765 enirn
800 693 906 765 etiam
921 691 1031 790 ipsum
1046 694 1208 769 Verbum
1218 693 1304 789 Dei,

130 855 138 870 Ι
186 820 189 828 ·
234 788 426 868 secundum
447 792 541 882 hoc,
568 791 667 882 quod
689 793 826 867 Verbum
842 792 1056 886 rutefolium
1073 795 1131 892 tsi,
1157 793 1196 870 (7
1215 795 1304 865 hair·-

233 899 326 965 ravit
341 895 378 964 in
392 891 503 982 uobis,
526 891 628 968 aliter
642 890 677 963 iu
695 891 855 983 praesenti
877 895 961 970 vitae
976 891 1087 984 statu,
1105 894 1207 966 aliter
1221 914 1304 971 cum

233 993 406 1090 venerit,
433 993 533 1083 quod
550 989 746 1083 perfeiium
763 992 834 1083 est,
863 992 1124 1087 cognoscetur:
1151 993 1303 1071 &aliter

231 1113 332 1167 nunc
352 1095 387 1165 in
406 1093 522 1168 forma
541 1088 653 1178 servi,
682 1107 769 1164 tunc
792 1112 883 1171 vero
899 1093 1002 1167 aliter
1025 1095 1061 1166 in
1080 1093 1196 1173 forma
1215 1095 1302 1189 Dei,

233 1192 318 1273 &in
332 1190 444 1270 Patris
462 1191 663 1281 aequalitate
679 1190 862 1268 sentietur.
888 1191 960 1270 Pru
976 1195 1103 1283 quibus
1119 1194 1301 1278 omuibus,

232 1296 295 1368 vel
311 1300 348 1364 in
362 1290 467 1383 {oruc
484 1288 650 1377 uotiriuae,
678 1304 721 1366 ut
735 1290 933 1384 Apostolus
953 1294 1056 1384 dicit,
1085 1294 1118 1365 dt
1135 1294 1298 1369 nondum

230 1396 268 1467 in
288 1391 358 1489 ipsa
377 1389 561 1481 doiirina,
586 1391 652 1470 vei
662 1396 697 1461 in
714 1395 823 1464 unnim
840 1393 974 1487 Christi,
994 1405 1036 1464 ut
1048 1394 1218 1487 Jeremiaa
1235 1413 1300 1466 no·

228 1494 406 1584 minavit,
430 1491 467 1590 ¹&
483 1491 645 1572 noudum
663 1493 699 1569 in
718 1491 795 1588 ipso
814 1488 971 1586 Christo,
987 1495 1115 1571 vivere
1136 1493 1299 1572 videmur

229 1595 325 1667 inter
342 1590 493 1668 Gentes.
549 1591 697 1668 Liberali
711 1608 816 1665 auteur
832 1618 851 1662 a
865 1611 1002 1689 peccato,
1028 1593 1114 1680 {ervi
1129 1590 1214 1680 {aiii
1230 1596 1299 1681 eliis

225 1695 370 1793 jusiitias.
403 1688 593 1784 urpoutto
613 1689 716 1770 estin
733 1691 786 1769 his
803 1712 954 1790 eorum,
982 1710 1059 1790 quae
1077 1691 1235 1785 superius
1251 1694 1299 1766 di-

228 1794 294 1872 xit.
322 1791 357 1864 si
378 1792 473 1865 enim
494 1792 587 1870 ultra
603 1793 678 1870 no'n
697 1791 858 1868 serviatis
878 1808 1051 1884 peccato,
1080 1806 1219 1871 certum
1234 1790 1297 1886 est,

228 1896 311 1984 quia
330 1891 471 1967 liberati
491 1889 535 1964 ab
555 1911 602 1963 eo
624 1888 715 1970 servi
739 1889 820 1968 faur
840 1890 921 1972 estis
944 1890 1095 1985 justitia.
1148 1891 1219 1971 Sed
1244 1913 1298 1965 ae.

227 1993 398 2083 quiritur,
425 1991 503 2081 quis
518 1986 589 2078 est,
616 1989 674 2079 qui
694 1989 822 2064 liberat
840 2011 860 2068 a
878 2006 1044 2081 peccato,
1081 1990 1166 2064 Sine
1182 1992 1295 2068 dubio

227 2092 393 2164 veritatis
414 2090 562 2185 agnitio,
613 2089 672 2162 Sic
688 2091 782 2166 euim
803 2090 945 2164 dicebat
962 2090 1059 2193 Jeiut
1078 2093 1121 2169 ad
1139 2093 1297 2194 Judaeoa,

227 2193 290 2283 qui
308 2189 535 2263 crediderant
552 2186 607 2260 ei:
640 2193 682 2260 Si
700 2192 894 2264 credideritis
910 2195 1002 2262 ucria
1020 2216 1104 2278 meo,
1130 2195 1297 2284 agnosceris

225 2298 418 2378 ueritatem,
443 2287 483 2365 (Ὺ
502 2287 627 2360 veritus
644 2289 788 2364 liberabit
806 2316 874 2373 vus,
935 2291 1078 2369 Veritas
1106 2289 1156 2371 est
1183 2310 1292 2387 ergo,

228 2411 307 2483 qua
326 2392 455 2465 liberat
473 2411 491 2460 a
509 2403 684 2481 peccato,
711 2391 744 2463 ἀ
763 2390 924 2468 veritatis
944 2391 1091 2486 agnitio,
1143 2388 1293 2470 Certum

226 2492 279 2565 est
295 2505 435 2572 autem,
462 2488 559 2580 quod
576 2491 779 2581 omnis,qui
790 2491 957 2562 liberatus
972 2490 1080 2562 fuerit
1094 2511 1112 2562 a
1127 2504 1295 2582 peccato.

221 2589 364 2691 justitiae
385 2589 526 2664 serviat.
581 2587 694 2681 Quod
717 2604 835 2663 autem
860 2588 1032 2675 dicimus,
1060 2588 1207 2685 Justitiae
1226 2589 1294 2664 sar·

224 2692 320 2765 viat,
355 2688 524 2780 quintam
550 2687 682 2780 justitia
710 2711 780 2762 uua
806 2688 856 2766 est
884 2711 927 2761 ex
955 2692 1130 2764 virtutum
1154 2689 1291 2782 choro,

223 2790 334 2870 simile
357 2787 429 2878 eti,
457 2807 497 2858 rc
513 2786 535 2858 ir
554 2787 774 2880 diceremus,
803 2789 883 2880 quia
916 2787 940 2865 st
960 2790 1037 2881 quis
1054 2791 1224 2868 liberatur
1241 2789 1292 2862 est

225 2911 247 2961 a
272 2897 447 2984 peccato,
475 2886 608 2960 serviet
625 2891 793 2979 veritati,
821 2889 855 2960 δε
879 2843 1011 2961 ierviet
1036 2886 1231 2983 sapientiae,
1259 2889 1294 2961 δι

223 2985 358 3064 serviet
377 2985 571 3077 pudicitie,
592 2986 626 3059 dt
649 2985 780 3060 serviet
798 2990 936 3084 pietati.
962 2988 1021 3061 Sic
1037 2991 1134 3070 enim
1149 2989 1218 3092 eg'o
1233 3008 1294 3063 au·

224 3085 339 3161 dio&
361 3085 468 3178 iilud,
495 3087 594 3180 quud
614 3084 742 3162 ditium
764 3087 835 3162 est:
861 3093 991 3184 Aperite
1014 3091 1097 3163 mibi
1116 3089 1224 3183 portas
1235 3091 1293 3185 ju·

215 3190 336 3292 stitia,
363 3187 402 3262 di
420 3188 569 3280 ingraffirr
592 3191 628 3256 iu
647 3213 696 3260 eus
714 3189 875 3276 confitebor
896 3193 1042 3264 Domina.
1069 3187 1180 3265 'Non
1197 3192 1293 3262 enim

220 3287 332 3364 solius
361 3285 503 3382 Justitiae
534 3289 659 3380 portas
677 3286 902 3382 ingreditur,
934 3289 994 3380 qui
1020 3286 1189 3366 confiteri
1212 3289 1294 3367 vuit

222 3386 412 3473 Domino,
437 3382 497 3465 sed
516 3385 550 3462 δι
567 3387 744 3473 veritatis,
764 3387 798 3458 dr
815 3386 1006 3480 sapientia,
1029 3389 1237 3484 depietatis,
1258 3388 1293 3461 dr

223 3488 415 3582 pudicitie.
468 3485 640 3568 Omnium
658 3506 812 3576 namque
831 3507 902 3560 una
920 3487 971 3564 est
992 3489 1071 3564 aula
1087 3491 1290 3576 virtutum,

222 3588 325 3683 cujus
341 3585 402 3662 iibi
414 3583 556 3682 justitie
573 3588 722 3664 nornine
741 3586 849 3679 pandi
861 3588 984 3682 januas
996 3587 1154 3681 postulat
1164 3587 1291 3688 justus.

272 3711 307 3775 4.
340 3691 524 3758 Humanum
549 3685 614 3756 diro
637 3687 764 3782 propter
789 3689 1012 3779 infirmitatem
1040 3693 1147 3760 camis
1169 3689 1290 3786 veflrae,

223 3789 321 3861 Sicut
340 3791 424 3860 cuim
441 3784 620 3883 exhibuistis
641 3787 773 3864 membru
794 3788 900 3886 vcflra
922 3789 1047 3879 seruire
1067 3791 1290 3875 immunditie,

221 3885 262 3963 di
289 3890 464 3984 iniquitati
486 3885 529 3959 ad
554 3889 777 3985 iniquitatem,
805 3895 855 3960 ita
883 3913 972 3962 nuuc
996 3889 1136 3962 exhibete
1154 3891 1292 3961 membru

216 3983 455 4089 wfhusen*
462 3985 602 4088 jufliiiae
614 3983 946 4086 insaniiificatimm
973 3988 1152 4069 Pudoretn
1160 4009 1293 4161 gueru-

245 4111 261 4140 b
1185 4109 1243 4165 am
