2825 4559
199 369 201 376 ¹
314 327 379 410 IN
402 326 574 406 Error.
600 323 679 404 AD
704 323 938 406 ROMAN.
962 325 1066 406 LIB.
1092 329 1137 419 X.
1187 348 1258 419 511

177 497 317 574 'autern
336 493 371 568 u
388 491 544 568 scientiae
556 489 660 584 ipsrus
677 485 896 577 mensuram,
922 510 1003 568 eum
1020 493 1123 568 dicit:
1152 496 1204 568 ita
1221 509 1259 564 ua
1278 553 1280 558 .

186 596 320 698 prffiris'
334 595 373 671 (5
388 595 467 666 aiios
484 617 616 662 monere.
668 590 710 662 iu
736 589 811 682 quo
837 589 1011 680 ostendit,
1037 595 1119 685 quia
1137 594 1174 669 in
1193 614 1256 685 eo,

192 697 292 789 quod
317 696 441 768 didicit
467 693 734 783 unusquisque,
760 689 871 763 debet
887 695 994 767 etiam
1009 694 1114 768 alium
1131 716 1257 770 mone·

191 817 252 889 re,
280 791 533 885 &huiusmodi
552 811 632 864 curn
648 786 898 881 condiscipulis
913 790 1048 873 habere
1061 794 1257 888 colloquia,

192 897 320 989 quibus
337 892 371 966 se
395 881 429 966 'u
448 905 620 964 moneant
636 893 815 980 invicem,
844 889 1083 966 &edificent
1134 893 1258 970 Potest

190 999 285 1070 enirn
307 991 474 1067 conferre
497 991 686 1083 ¹plurimum
704 989 918 1065 eruditionis
937 992 1074 1067 alterne
1091 998 1257 1098 collatio,

187 1097 313 1171 sreum
331 1093 505 1165 charitate
519 1087 712 1181 habeatur,
740 1089 773 1160 dr
796 1088 841 1159 de
864 1089 1162 1182 profundioribus
1180 1106 1258 1196 qui.

187 1196 328 1286 busque
346 1192 408 1264 vei
424 1187 692 1262 obscurioribur
709 1184 888 1282 exspebtet
905 1191 1224 1295 eruditorumperf
1244 1247 1258 1264 .

187 1293 400 1384 morumque
418 1287 649 1380 sententiam,
665 1287 858 1362 secundum
877 1290 974 1380 quod
991 1292 1024 1365 dr
1041 1295 1192 1394 Moyses
1207 1307 1258 1377 di·
1277 1361 1279 1368 .

189 1396 261 1469 cit:
288 1393 451 1484 Interroga
468 1408 574 1484 porres
592 1406 682 1478 tuos,
705 1391 746 1466 U
761 1391 1009 1464 annunciabunt
1024 1397 1109 1486 rur,-
1127 1407 1257 1500 ραις.
1295 1427 1298 1436 =

190 1511 273 1566 teres
291 1509 380 1579 tuor,
409 1489 448 1566 &⁴
464 1493 571 1561 dicent
586 1489 659 1564 ribi.
955 1523 957 1528 ·

248 1592 326 1666 Ἡ.
354 1591 512 1666 Audacius
534 1605 640 1661 aurem
659 1581 767 1685 scrr‘pfi
778 1589 877 1664 ,vobis
902 1612 941 1664 ex
960 1609 1069 1688 perir,
1104 1611 1258 1699 tanquam

190 1714 424 1764 commemorans
445 1711 502 1759 aros
523 1694 742 1785 pergratiam
764 1689 871 1762 doram
891 1694 974 1762 mibi
993 1725 1014 1767 a
1030 1703 1118 1788 Deo,
1145 1722 1183 1774 ut
1192 1709 1258 1797 fine

188 1793 375 1888 minrflrom
396 1790 518 1886 corma
534 1793 615 1886 Jelu
634 1794 671 1859 r‘n
689 1791 865 1881 Gentibus,
885 1794 1091 1889 sensificans
1110 1803 1259 1899 Evange.

188 1894 271 1965 lium
290 1896 373 1973 Dei,
399 1907 438 1959 ut
458 1889 502 1984 fir
525 1891 639 1960 oblatio
665 1891 817 1970 Gentium
838 1913 976 1990 accepto,
998 1898 1201 1992 santificata
1219 1913 1258 1976 in

190 1996 320 2086 Spiritu
334 1987 457 2080 fhniio.
493 1985 680 2082 Tanquam
701 1989 762 2080 qui
781 1992 946 2068 conscius
962 1995 1005 2072 fit
1022 1998 1083 2073 fibi
1101 2002 1139 2074 in
1156 2008 1258 2079 omni

192 2104 296 2165 textu
319 2088 511 2183 Epistoiae,
538 2090 621 2163 dum
646 2087 689 2160 ad
718 2109 783 2178 eos
809 2092 1013 2190 interdum,
1040 2100 1098 2190 qui
1123 2123 1169 2175 ex
1193 2108 1261 2177 eir·

190 2190 409 2276 eumciiione
426 2188 527 2279 sunt,
553 2186 845 2264 interdum-vero
864 2194 907 2268 ad
923 2217 1002 2288 eoa,
1021 2199 1080 2290 qui
1100 2221 1145 2274 ex
1162 2200 1262 2284 Gen-

190 2293 299 2362 tibua'
316 2290 567 2379 crediderunt,
593 2285 733 2363 faceret
758 2293 929 2385 verbum,
961 2298 1059 2388 quod
1084 2306 1260 2377 nonnulla

191 2389 301 2460 etiam
330 2389 375 2459 de
406 2386 658 2460 secretioribus
687 2386 868 2478 mysteriis
902 2393 1260 2486 &profundioribus

192 2486 410 2581 contigerit,
445 2483 618 2558 &studio
642 2486 835 2562 reddenda
858 2495 1011 2570 rationis
1031 2499 1154 2593 plura,
1182 2521 1260 2596 quae

161 2619 166 2646 ι
189 2587 417 2660 habebantur
433 2585 470 2657 in
485 2585 640 2657 occultis
648 2631 659 2664 ,
685 2583 923 2684 patefecerit,
948 2596 1034 2668 licet
1057 2599 1093 2672 in
1116 2600 1258 2698 singulis

191 2682 490 2779 dispensationem
513 2683 616 2757 verbi
641 2695 745 2756 cauta
769 2689 1022 2767 moderatione
1045 2696 1266 2794 servaverit,¹

144 2827 146 2832 ·
193 2784 228 2856 ἀ
253 2805 299 2856 ex
322 2785 437 2873 aliqua
460 2797 562 2875 parte
585 2783 768 2875 indicans,
797 2804 843 2888 ert
867 2791 980 2865 multa
1004 2795 1139 2874 rursum
1157 2816 1260 2895 parte

192 2885 423 2976 contexerit,
450 2884 588 2955 idcirco
603 2883 708 2956 dicit:
740 2887 901 2972 Audacius
923 2909 1029 2968 aerem
1045 2899 1153 2994 scripfi
1171 2903 1260 2972 vobis

193 3009 233 3056 ex
240 2987 352 3080 parte,
379 2998 534 3078 tanquam
550 3003 786 3054 commemorans
800 3007 857 3057 uos
869 2995 1089 3085 pergratiam,
1102 3023 1168 3095 qua
1182 3005 1259 3073 dara

192 3083 232 3180 api
250 3084 344 3158 mibi.
369 3080 712 3175 AudiaApostoium
731 3083 933 3164 dicentem:
962 3093 1117 3191 Exparre
1127 3095 1260 3196 scripfii

192 3181 301 3256 Unde
317 3203 435 3272 neque
448 3183 554 3256 nobis
575 3183 699 3273 aliquis
718 3179 942 3274 succenseat,
968 3191 1261 3288 srmysteriorum

193 3283 402 3372 divinorum
418 3283 595 3357 rationem
612 3283 807 3376 explanare
824 3287 866 3359 ad
883 3291 1055 3380 liquidum
1070 3316 1146 3370 non
1166 3302 1261 3392 vaie-

191 3401 295 3469 mua,
323 3400 404 3452 cum
424 3381 658 3475 audieteunr,
685 3382 746 3474 qui
771 3387 877 3460 nobie
905 3388 982 3464 hae
1003 3392 1075 3483 ipsa
1099 3398 1259 3495 tradidit,

191 3502 240 3553 ex
257 3493 358 3574 parte
372 3476 564 3556 tradidisse:
591 3497 710 3574 neque
727 3483 911 3575 quiequam
926 3487 990 3563 sub
1007 3490 1160 3569 scientiae
1175 3499 1262 3573 titu-

190 3581 232 3654 lo
245 3581 294 3652 ita
310 3579 455 3652 inflatur
467 3575 632 3672 incedat,
659 3595 828 3672 tanquam
843 3589 1007 3663 universa
1024 3603 1259 3695 cognoverit,

192 3699 274 3752 cum
292 3677 366 3772 ipse
381 3675 528 3770 Paulus,
556 3699 661 3771 equo
677 3680 833 3753 scientie
849 3688 954 3760 nobis
973 3688 1088 3767 sermo
1107 3700 1260 3774 trenasu·

191 3777 247 3852 sus
265 3777 335 3865 est,
363 3799 408 3852 ex
430 3792 536 3869 parte
557 3779 592 3851 se
618 3778 715 3853 dicat
736 3773 910 3877 scribere,
936 3787 1033 3864 &ex
1048 3810 1151 3886 parte
1172 3819 1260 3895 cog.

190 3875 352 3954 noscere
387 3873 466 3974 Ego
483 3893 602 3951 tamen
619 3880 795 3968 arbitror,
821 3886 941 3978 quod,
969 3896 1131 3981 quanvis
1153 3902 1260 3976 etiarn

188 3975 265 4071 ipse
287 3977 417 4052 Peulua
444 3983 616 4074 exparte
641 3974 678 4054 se
700 3977 789 4054 scire
814 3977 993 4082 fateatur,
1018 3994 1120 4087 plura
1136 4009 1257 4168 ”Qu
