2825 4559
254 345 324 430 tm
416 323 699 424 onicenrs
739 337 1140 430 commortua

252 505 427 600 &justitia
443 509 517 603 ejus
534 527 598 603 per
611 508 794 583 bominum
811 505 1013 602 injustitiam
1033 505 1304 604 comprobatur.

252 613 418 682 Ennomus
434 627 521 702 ergo
533 627 601 680 nos
617 608 718 695 mala,
744 625 781 679 ar
797 628 843 680 ex
858 609 958 682 malis
971 614 1128 680 eveniam
1142 611 1241 696 bona3
1266 610 1302 686 be

249 703 461 784 men‘iamur
475 726 563 796 nos,
588 719 631 779 ut
651 728 696 780 ex
717 704 844 781 nomo
866 705 1054 782 mendacio
1076 709 1147 782 Dei
1165 711 1303 786 veritas

250 805 428 880 clarescat.
455 805 522 876 Sed
537 799 615 878 haec
627 806 767 897 quidem
783 809 829 880 de
841 807 946 881 nobis
963 803 1193 901 confingunt,
1214 805 1303 884 blas·

247 910 456 1000 phemantes
474 924 558 989 nos,
584 906 681 997 quod
707 905 801 998 quali
819 925 870 978 ex
892 904 997 1000 ipbus
1021 903 1217 982 assertionis
1237 927 1303 982 no·

246 1005 324 1080 stre
351 1003 604 1096 consequentia
629 1005 704 1078 haec
729 1005 797 1077 dici
824 1005 885 1078 vel
910 1003 1079 1095 consequi
1096 1006 1301 1084 videantur.

249 1107 360 1200 Quod
380 1107 473 1176 ratio
490 1105 663 1198 dogmatis
676 1103 786 1177 nostri
803 1103 952 1178 omnino
969 1123 1046 1178 non
1060 1106 1212 1199 recipit,
1239 1106 1301 1198 qui

241 1204 372 1300 justum
389 1205 421 1274 ὰ
439 1223 564 1278 verum
584 1203 808 1298 intelligimus
823 1201 979 1296 J'udicem
998 1202 1128 1281 Deum.
1178 1202 1302 1279 Ssien·

246 1304 329 1376 dum
347 1305 426 1375 sane
442 1301 510 1392 est,
528 1303 625 1393 quod
642 1303 678 1376 in
694 1303 900 1394 quibusdam
916 1303 1020 1377 etiam
1036 1300 1170 1379 Grecis
1182 1324 1303 1381 exem·

245 1406 401 1497 pleribus
420 1401 466 1475 slc
482 1403 686 1474 invenitur:
713 1403 880 1497 Numquid
899 1406 1029 1497 iniquus
1048 1405 1151 1490 Dara,
1176 1409 1232 1502 qai
1246 1408 1302 1475 irr-

242 1504 313 1595 jerr
333 1513 412 1572 nam
428 1501 589 1582 adversum
604 1497 768 1573 domim?
802 1500 850 1574 Et
866 1504 974 1598 magis
991 1502 1180 1578 secundum
1201 1503 1300 1580 nune

241 1602 377 1679 sensum
394 1601 630 1690 videbuntur,
648 1621 725 1693 qum
740 1599 913 1694 diximus,
928 1604 1141 1678 convenire.
1165 1603 1300 1677 Secun-

244 1705 326 1777 dum
343 1707 415 1773 hoc
430 1720 540 1792 vero,
562 1701 658 1792 quod
674 1703 711 1773 in
728 1699 864 1776 Latinis
881 1703 1141 1795 exemplaribus
1156 1700 1190 1775 u
1205 1721 1300 1779 non·

242 1805 348 1877 nullis
370 1799 579 1874 cereorum
606 1799 828 1875 invenimus:
863 1802 1030 1896 Numquid
1047 1806 1177 1896 iniquus
1196 1805 1297 1892 Dans,

241 1911 299 1999 qus
319 1899 421 1992 infers
443 1895 551 1969 iram?
578 1897 751 1974 Secundum
771 1902 925 1972 domim
940 1902 1022 1971 dito:
1047 1900 1155 1998 Aspim·
1178 1899 1229 1973 ita
1245 1903 1297 1976 inu

242 1999 473 2095 telligendum
491 1999 646 2074 videtur.
672 1999 770 2089 Hoc,
785 1998 884 2091 quod
898 1999 1037 2087 dieitur,
1051 2006 1178 2098 iniquus
1198 2003 1296 2090 Dm,

240 2109 298 2198 qui
315 2099 421 2190 aufert
438 2105 537 2185 iram,
562 2118 630 2192 pro
648 2117 711 2190 οο,
729 2100 827 2190 quod
843 2099 1003 2194 injustitia
1019 2101 1121 2196 nostra
1134 2099 1296 2195 justiliam

240 2205 307 2274 Der·
325 2201 531 2284 contuendas,
557 2217 633 2282 non
659 2196 850 2273 secundum
875 2197 1014 2289 Deum,
1039 2219 1155 2291 neque
1171 2197 1296 2274 secun·

240 2301 324 2374 dum
339 2298 540 2394 sapientiam
557 2296 627 2371 Dei
644 2297 797 2384 dicitur,
822 2296 880 2372 sed
891 2298 1060 2388 [mundum
1077 2297 1294 2382 hominm&

237 2397 431 2475 secundum
447 2399 540 2486 boe,
566 2397 664 2487 quod
679 2395 809 2470 dicitur
820 2403 921 2469 omnis
936 2399 1023 2469 donn
1038 2401 1179 2474 merda.
1202 2398 1294 2473 Haec

239 2513 358 2575 autem
376 2497 526 2576 diximus
543 2494 653 2589 ipsum
668 2496 785 2570 adhuc
798 2497 961 2573 ordinem
975 2496 1174 2572 sermonum
1193 2497 1226 2571 ss
1242 2498 1294 2572 di·

237 2598 377 2675 diorum
395 2595 684 2685 consequentiam
702 2593 975 2690 pertractantes,
1004 2612 1044 2671 ut
1068 2596 1194 2671 divisro
1219 2595 1292 2689 ipsa

236 2700 433 2774 verborum
449 2696 664 2791 apertiorem
679 2697 786 2769 nobis
800 2694 937 2770 iaceret
949 2691 1166 2793 intelligendi
1183 2697 1291 2774 viam.

235 2795 348 2874 Nunc
372 2814 463 2868 vero
483 2797 576 2886 jam,
601 2793 713 2886 qualis
739 2796 775 2866 in
798 2793 852 2870 his
876 2793 1095 2870 sermonibus
1120 2798 1291 2870 habeatur

235 2895 353 2973 sensus
369 2893 558 2967 secundum
573 2891 815 2990 dignationem
832 2892 1103 2991 Apostolicam,
1135 2897 1290 2986 requira-

235 3015 325 3075 mus.
376 2992 502 3068 Omnis
518 2990 697 3084 disciplina
712 3011 758 3066 ex
773 2990 973 3086 prosperis,
1000 2993 1097 3066 &ex
1120 2992 1289 3086 adversis,

233 3097 296 3171 vel
314 3092 499 3168 contrariis
519 3089 669 3164 constat
693 3089 808 3165 Verbi
828 3095 956 3186 gratia:
982 3091 1163 3166 Medicina
1179 3091 1288 3166 scien·

233 3197 319 3271 tiam
336 3214 412 3267 uon
428 3190 542 3265 solum
558 3187 735 3277 sanitatis,
761 3188 821 3265 sed
835 3190 868 3266 dr
882 3194 1061 3288 languoris
1076 3188 1287 3286 profitetur:

233 3293 444 3385 &quamvis
460 3289 614 3366 sanitatis
629 3288 777 3365 studium
793 3304 915 3388 gerat,
940 3311 1015 3364 non
1032 3291 1152 3386 potest
1166 3305 1286 3366 tamen

232 3392 386 3474 nescire,
412 3409 489 3484 quae
508 3392 691 3488 languoris
715 3387 805 3462 sunu
857 3387 1024 3464 Similiter
1047 3391 1287 3484 &prudentia

229 3511 296 3590 per
318 3493 406 3566 boni
435 3487 470 3564 br
493 3491 577 3565 mali
600 3487 783 3563 scientiam
803 3487 959 3563 constat:
986 3489 1284 3584 intemperantia,

231 3611 310 3685 que
323 3590 482 3688 eligenda
497 3587 532 3662 dr
546 3607 624 3681 que
641 3589 804 3662 eruenda
819 3586 1031 3681 srntmovit:
1057 3589 1283 3662 &fortitudo

90 3765 97 3783 „
229 3691 483 3788 montmoret,
507 3699 587 3780 qum
601 3687 645 3759 ad
660 3685 886 3762 formidinem
904 3685 1069 3782 spesiant.
1106 3687 1159 3761 lta
1180 3688 1284 3779 &ju-

231 3790 333 3874 stitia.
359 3788 396 3862 Si
414 3787 501 3861 seire
517 3787 707 3876 volumus,
733 3785 886 3880 quidest
900 3785 1052 3881 justitia,
1078 3786 1216 3872 necesse
1234 3785 1286 3861 est

229 3912 300 3972 mos
313 3884 758 3982 seire,quidestinjustitias
781 3905 865 3963 cum
882 3902 1000 3962 autem
1016 3891 1153 3982 plenam
1172 3884 1288 3964 scienr

222 3995 311 4070 urm
324 3983 505 4087 injustitiae
522 3987 767 4085 mperlmuna,
792 4005 839 4063 ex
852 3983 939 4084 ipsa,
957 4005 1033 4083 que
1051 3986 1093 4062 sit
1108 3987 1282 4164 etiaffiju·
