2825 4559
173 323 257 414 27⁶
351 249 1071 432 outonurscounuurn'rt
1268 375 1279 394 ,Ι

123 504 126 514 ¹
181 500 265 580 non
283 479 392 572 licet,
419 476 480 548 vel
498 474 596 565 quod
613 492 690 549 non
705 473 830 566 decet,
858 478 919 549 vel
937 476 1035 570 quod
1054 495 1130 550 non
1148 494 1259 568 expe·

190 584 266 671 dit,
285 573 578 669 concupiscentia
594 577 709 648 carnis
726 573 787 649 eli
816 574 906 650 Cum
925 591 1016 649 vero
1036 572 1158 648 contu
1182 576 1261 648 iseit

191 675 362 755 &deficit
380 675 493 749 unima
507 672 649 764 nostra,
674 677 820 768 quando
844 676 967 761 videat
989 677 1138 749 salutare
1156 753 1173 776 -.
1198 667 1258 773 ei,

190 773 253 856 i'sta
270 771 563 868 concupiscentia
583 771 722 867 spiritus
742 772 803 851 est.
854 774 964 848 Unde
990 778 1259 870 apparetfme·

191 882 283 955 uiam
301 870 654 968 quodammouoeue
673 871 935 948 animanint'er
949 894 1092 950 carnem
1111 875 1144 946 ἂ
1163 871 1261 967 spiri·

150 1021 154 1027 -
192 995 288 1054 tunt:
308 974 380 1048 &ir
397 974 538 1067 quidem
547 974 709 1064 iunxerit
723 970 758 1045 se
771 972 867 1046 carni
882 976 924 1045 ad
939 974 1181 1048 obediendum
1197 974 1259 1046 de·

191 1080 324 1155 sideriis
342 1075 494 1167 peccati,
515 1070 665 1145 efficitur
686 1092 768 1147 cum
785 1094 827 1146 ea
842 1091 953 1147 unum
970 1093 1125 1166 eorpur3
1152 1072 1176 1144 fi
1194 1091 1262 1145 ve·

190 1178 236 1253 'ro
263 1176 422 1267 junxerit
447 1174 480 1245 se
499 1165 788 1263 Deo,'efficitur'
812 1195 893 1247 curn
918 1195 966 1245 eo
987 1195 1079 1247 unus
1104 1172 1261 1267 spiritus,

151 1343 156 1352 .
192 1277 385 1353 seeundum
406 1273 515 1374 illud,
543 1274 641 1362 quod
660 1270 791 1346 dilium
808 1271 877 1346 est:
910 1275 979 1365 Qui
997 1276 1091 1346 enim
1103 1278 1216 1371 jungit
1227 1274 1263 1361 se

192 1359 368 1461 niernum,
396 1396 495 1444 unum
520 1393 629 1465 corpus
655 1373 714 1467 ests
741 1378 798 1470 qui
815 1389 920 1464 eutem
931 1378 1043 1471 jungit
1060 1374 1090 1459 [e
1106 1377 1261 1461 flumme,

194 1503 277 1573 enus
288 1480 421 1571 [pierius
439 1474 488 1567 eil.
540 1471 623 1544 Nec
641 1473 800 1565 mireris,
825 1470 851 1551 st
871 1492 1013 1546 carnem
1033 1474 1261 1546 meretricem

160 1661 168 1684 Ι
195 1592 332 1665 vocet,
359 1594 436 1664 que
451 1572 519 1644 illia
536 1572 724 1660 omnibus,
743 1581 823 1663 quae'
836 1570 937 1667 supra
957 1572 1260 1664 enumeravimus,

195 1678 294 1750 vitiis
315 1687 421 1763 atque
437 1672 621 1772 peccatis,
641 1687 808 1762 tanquam
828 1665 1025 1761 turp‘illrntis
1043 1672 1262 1746 amatoribus

195 1778 363 1868 subjacet.
414 1770 576 1862 Requiro
599 1786 740 1870 autem,
769 1791 833 1843 cur
853 1772 1049 1850 addideritt
1078 1776 1117 1844 In
1139 1784 1262 1868 corpere

196 1878 295 1972 oestro
312 1874 437 1962 mertula·
447 1895 459 1939 r
487 1889 568 1943 cum
586 1871 713 1961 utique
731 1868 919 1944 suffeeillet
934 1872 1077 1945 dicere:
1103 1874 1183 1944 Non
1196 1896 1266 1964 ergo

95 2059 96 2062 Ἴ
166 1983 169 1988 ’
198 1993 302 2069 regnet
316 1974 479 2069 peccorum,
492 1976 528 2038 in
542 1971 640 2070 veflro
654 1990 785 2068 corpore.
795 1969 849 2042 Ut
864 1971 947 2062 quid
966 1971 1154 2046 roditur&
1210 1998 1263 2041 er-

147 2153 149 2164 ,
197 2079 258 2152 tali
268 2083 285 2143 .·‘
300 2071 398 2163 quast
415 2070 595 2162 dubitaret
611 2071 736 2162 aliquis
754 2090 887 2163 corpus
903 2065 974 2145 effe
987 2069 1167 2145 mortale?
1219 2071 1264 2144 ed

196 2175 287 2252 mihi
299 2172 464 2250 uidetur,
490 2168 588 2260 quod
602 2187 679 2241 non
699 2167 771 2243 stne
785 2167 889 2242 causa
906 2169 1013 2245 etiam
1032 2169 1105 2243 hoc
1121 2170 1265 2243 addide-

196 2278 255 2349 rit.
283 2270 485 2353 Admonuit
500 2268 593 2341 enim
609 2286 674 2363 per
689 2270 780 2358 hoc,
807 2269 995 2359 quomodo
1012 2267 1116 2364 polllt
1132 2272 1167 2343 in
1185 2291 1266 2342 cor-

197 2393 292 2471 pore
305 2392 382 2444 non
400 2389 548 2465 regnare
565 2380 777 2463 peccatum,
802 2366 993 2448 secundun
1015 2370 1113 2462 quod
1129 2369 1162 2462 or
1180 2371 1266 2443 alibi

198 2471 272 2570 ipse
290 2474 447 2545 dixerat:
482 2472 601 2570 Corpus
626 2472 748 2568 quidem
770 2486 930 2542 mortuum
954 2470 1140 2566 estproprer
1162 2487 1264 2567 pecea-

199 2563 282 2660 tum,
299 2576 432 2666 [pirum
451 2593 528 2639 vero
544 2569 672 2662 uiraell
686 2584 815 2664 propter
828 2569 999 2665 justitiam.
1022 2567 1058 2641 Si
1074 2589 1162 2666 ergo
1179 2568 1266 2643 scia·

200 2693 300 2763 mus,
320 2671 407 2760 -quia
425 2688 558 2759 corpus
575 2666 737 2745 nostrum
754 2664 965 2742 mortificari
982 2667 1152 2763 potest&
1170 2690 1268 2744 ntor·

173 2779 300 2856 anuum
320 2767 389 2842 elle
408 2771 586 2862 pee'cato,
612 2767 734 2859 potest
752 2765 845 2861 fieri,
870 2783 912 2840 ut
930 2788 1009 2842 non
1025 2785 1152 2866 regnet
1166 2769 1203 2842 in
1218 2790 1266 2842 eo

104 2891 108 2902 ¹
199 2885 401 2967 peccatum.
452 2866 656 2938 Secundum
673 2868 746 2940 hoc
763 2886 941 2959 namque,
968 2869 1065 2962 quod
1082 2884 1264 2944 mortuum

129 2973 131 2988 ”
199 2970 270 3060 est,
294 2963 522 3059 justificatum
541 2964 671 3037 dicitur
690 2989 707 3035 a
724 2981 889 3059 peccato.
915 2966 1049 3059 Neque
1066 2970 1158 3042 enim
1172 2989 1265 3042 mor·

198 3083 282 3142 tuus
300 3066 545 3158 concupiscit,
573 3080 634 3137 aut
650 3063 828 3160 irascitur,
857 3082 917 3139 aut
935 3065 1045 3159 furit,
1066 3084 1128 3139 aut
1145 3069 1266 3160 diripit

199 3172 324 3241 aliena.
351 3168 386 3237 Si
404 3184 493 3262 ergo
506 3165 549 3236 ab
564 3164 617 3237 hir
634 3168 799 3251 omnibus
812 3166 1114 3259 concupiscentiis
1126 3172 1262 3260 eorpus

196 3270 453 3362 reprimamus,
479 3276 661 3339 mortuum
688 3281 843 3358 peccato
871 3267 1000 3339 dicitur
1024 3264 1094 3341 elle
1118 3288 1264 3362 corpus.

196 3365 246 3441 Et
261 3370 334 3441 hoe
354 3365 426 3459 est,
454 3363 550 3456 quod
567 3366 602 3437 in
617 3362 781 3457 praesenti
797 3368 884 3439 loco
903 3363 964 3437 illa
981 3364 1149 3460 Apostoli
1164 3371 1265 3441 cotn-

196 3479 347 3576 monere
375 3465 517 3538 videtur
546 3460 698 3554 adjeclio
725 3465 901 3568 clicentisr
944 3467 983 3536 lu
1013 3487 1136 3561 corpore
1166 3468 1268 3565 uestro

195 3568 336 3642 mortali.
361 3565 462 3638 Alius
481 3561 626 3635 fortall'e
645 3565 762 3656 dicet,
781 3567 862 3655 quia
878 3564 920 3636 ad
939 3562 1199 3639 distinclionem
1219 3569 1267 3640 al·

130 3700 132 3702 >
196 3671 306 3741 terius
326 3665 515 3756 corporis,
542 3662 641 3752 quod
657 3663 946 3756 immortaleest,
974 3666 1047 3738 hoc
1062 3687 1210 3761 corpus,
1229 3667 1267 3740 in

156 3817 160 3828 ,
195 3787 270 3858 quo
290 3784 387 3838 nunc
406 3762 536 3844 sumus,
556 3763 709 3834 mortale
726 3764 939 3839 nominavit.
967 3766 1066 3859 Quid
1084 3765 1127 3840 srt
1146 3781 1266 3840 autem

194 3886 330 3960 corpus
350 3861 575 3952 immortale,
599 3860 691 3936 idem
702 3860 903 3956 Apostolus
922 3862 1033 3936 docet
1052 3866 1087 3938 in
1104 3867 1266 3958 aliia,ubi

150 3979 156 3998 ¹
192 3966 264 4039 ain:
297 3962 479 4059 Neceffe'esl
493 3963 596 4048 enim,
622 3977 659 4033 ut
674 3963 878 4064 corruptibile
892 3963 950 4035 hoc
967 3965 1083 4039 induat
1098 3970 1265 4062 incorrup·

146 4071 212 4159 ι
1146 4074 1208 4139 rio·
