2825 4559
226 293 299 368 na
363 236 1117 373 onroonrs‘wnuon‘ron.

228 439 297 519 luet
315 434 474 507 Dominus
494 427 594 522 findor
606 432 750 523 filiorum
772 434 811 509 (7
827 435 977 526 filiorum
992 440 1092 524 Sion,
1116 431 1162 544 β
1173 438 1304 534 sanguis

231 561 305 632 nem
326 532 490 604 mondolio
512 532 667 601 demedio
691 534 761 630 eju(
782 538 819 606 ἐπ
831 537 951 629 spiritu
964 538 1101 631 judicii,
1128 537 1169 612 (Ἰ
1185 538 1303 635 spiriru

230 633 378 733 ustionis:
404 626 529 704 &hoc
544 632 593 703 ita
609 624 688 723 fieri
713 627 962 708 testamentum
989 638 1039 708 eis
1061 654 1139 709 erat
1164 661 1185 732 a
1207 640 1301 733 Deo,

232 751 275 811 ut
289 734 334 807 src
352 736 396 806 ab
411 733 462 804 eis
482 744 734 804 averterentur
753 732 975 827 impietates,
1010 735 1043 807 dr
1070 736 1301 814 auferrentur

178 899 181 904 .
229 849 394 933 peccata.
437 831 530 929 Quis
548 844 667 904 autern
682 829 725 904 srt
738 828 801 903 iste
818 837 933 907 omnis
950 832 1075 930 lsrael,
1104 839 1164 928 qui
1186 839 1300 914 salvus

181 975 186 980 ·
230 934 381 1028 fiet,vel
396 932 558 1032 quaqerit
571 930 632 1003 ista
647 932 837 1022 plenitudo
856 936 962 1007 etiam
972 930 1170 1030 Gentium,
1199 931 1299 1012 Deut

228 1036 326 1112 solut
344 1038 475 1123 novit,
502 1027 762 1125 &Unigenitus
778 1030 880 1125 suus,
909 1032 1059 1124 &ioqui
1075 1033 1178 1109 sorte
1196 1039 1299 1114 amici

229 1156 307 1232 ejus
323 1128 424 1220 sunt3
451 1129 494 1205 ad
510 1145 602 1220 quos
618 1130 733 1201 dicat:
763 1131 845 1228 Jom
861 1158 928 1203 non
943 1136 1040 1204 dicam
1054 1160 1109 1205 ator
1119 1138 1300 1229 formonsos
1328 1187 1330 1192 -

95 1311 101 1323 ,
228 1245 362 1320 nmirum
388 1236 463 1329 quia
485 1245 561 1300 nota
583 1229 670 1299 vobio
692 1228 755 1315 feti
772 1236 896 1313 omniu,
923 1259 989 1328 qua
998 1238 1122 1311 nursini
1145 1264 1167 1307 u
1191 1241 1296 1313 Patre.
1325 1209 1331 1346 ἶ

227 1329 315 1414 Hoc
340 1350 459 1407 tamen
494 1326 614 1424 potest
644 1331 752 1404 etiam
783 1330 910 1405 nostro
937 1329 1047 1406 sensui
1082 1345 1295 1430 occurrere,
1326 1373 1328 1384 ·

229 1436 328 1531 quod
348 1434 437 1506 srcut
456 1423 585 1521 lsrael,
612 1430 777 1519 quamdin
800 1451 985 1522 permanet
1003 1431 1201 1528 secundum
1226 1458 1295 1510 ear·
1323 1433 1328 1528 ξ

227 1558 310 1613 nem
329 1529 488 1620 lsrael&
498 1549 576 1619 nou
592 1530 698 1602 etiarn
713 1526 902 1605 secundum
919 1531 1075 1623 spiritum
1092 1530 1209 1608 fartus
1226 1535 1297 1611 fue·

225 1637 277 1711 rit
292 1631 447 1709 Israelita
460 1647 569 1702 vetur
583 1642 704 1701 mente
721 1629 847 1706 videns
863 1631 1003 1722 Deum,
1021 1634 1208 1724 pertinere
1222 1657 1294 1711 non

226 1733 348 1833 potest
364 1734 407 1804 ad
424 1725 586 1804 salutem:
612 1722 662 1802 ita
678 1747 747 1801 nec
764 1726 901 1804 Gentes
919 1731 1061 1823 quidem
1077 1752 1209 1808 omnes
1225 1755 1295 1817 om·

226 1838 317 1910 nino
332 1832 457 1907 salvari
474 1822 639 1925 possunt,
663 1822 725 1900 nist
740 1851 817 1921 quae
833 1833 925 1904 intra
941 1830 1203 1925 plenitudinem
1222 1835 1293 1910 fue·

224 1938 300 2009 rint
325 1933 499 2023 repertor,
527 1945 758 2017 quecumque
776 1929 922 2014 illaesi,
950 1951 1026 2021 quae
1044 1931 1088 2005 ab
1106 1929 1291 2027 Apostolo

152 2023 155 2030 ’
222 2030 415 2131 plenitudo
433 2030 648 2102 nominatur.
681 2025 735 2100 lta
750 2048 838 2124 ergo
856 2027 1059 2120 mysterium
1076 2027 1147 2108 Dei
1167 2029 1292 2110 ineffa-

223 2134 288 2210 bili
305 2129 453 2224 quadam
471 2125 648 2221 sapientior
664 2124 739 2217 eius
757 2127 1017 2224 dispensatione
1032 2127 1229 2227 tradatur,
1255 2148 1292 2208 ut

224 2225 333 2309 etiam
352 2248 431 2302 curn
449 2223 509 2299 srbi
528 2226 640 2299 anima
658 2221 789 2302 sortem
808 2230 983 2303 malorum
1007 2227 1078 2323 ipsa
1102 2232 1291 2307 conscive-

223 2337 295 2416 rit,
320 2332 399 2420 ille,
427 2327 486 2418 qui
504 2326 612 2398 novit
628 2327 794 2403 universa
813 2328 1021 2424 disponere,
1050 2326 1288 2424 abjetliouem

224 2435 300 2527 ejus
316 2430 352 2504 dt·
368 2446 506 2523 poenam
533 2428 681 2499 aliorum
706 2424 814 2502 faciat
839 2428 997 2505 salutern.
1048 2427 1180 2513 Sed&
1206 2432 1290 2507 illud

224 2534 372 2608 videtur
398 2526 483 2601 mihi
515 2526 552 2599 in
577 2526 651 2597 hoc
677 2526 765 2602 loco
793 2526 993 2623 diligentius
1021 2533 1272 2607 contuendum

224 2625 322 2727 quod
341 2629 537 2704 cecitatem
555 2623 651 2699 istam
673 2645 751 2701 non
768 2629 854 2699 dicit
877 2626 975 2700 omni
994 2626 1098 2700 lsrael
1122 2586 1291 2729 eontigiss
1325 2669 1327 2688 =

118 2735 123 2744 ⁸
175 2779 179 2784 -
222 2734 281 2827 se,
307 2731 531 2824 sedexpurte.
566 2729 830 2822 Reliquiaeenim
846 2729 1011 2810 secuudum
1028 2727 1205 2804 delirorum
1219 2757 1290 2825 gra·
1325 2761 1327 2768 ·

221 2834 382 2922 riaesuloae
392 2825 592 2920 samsom.
621 2825 677 2900 De
698 2827 827 2919 quibus
843 2828 1000 2919 reliquiis
1020 2826 1186 2903 &Esaias
1204 2851 1290 2923 pro·

221 2934 437 3027 phetuverat
452 2927 595 2998 dicens:
623 2928 697 3021 Nr'fi
714 2932 871 2998 Dominus
890 2929 1028 2998 Salano
1044 2928 1216 3025 reliqurffor
1236 2958 1289 3003 na·
1327 2941 1329 2946 ’

221 3036 269 3105 lis
280 3034 395 3123 semen.
430 3021 506 3098 Istae
525 3043 612 3119 ergo
629 3027 785 3116 reliquie
803 3029 839 3101 in
857 3027 1078 3100 beatitudine
1095 3025 1289 3105 conferun·
1328 3069 1330 3082 =

221 3146 280 3208 tur
299 3149 380 3205 cunt
396 3124 618 3222 plenitudine
635 3122 826 3199 Gentium:
854 3128 971 3198 caeteri
998 3147 1111 3216 vero,
1141 3130 1200 3220 qtn'
1226 3149 1289 3204 ex·
1327 3141 1329 3146 '

220 3235 344 3307 caecati
361 3229 440 3302 sunt
456 3246 499 3299 ex
514 3223 637 3317 lsrael,
664 3224 904 3299 conferuntur
922 3227 974 3298 his
996 3220 1190 3321 Gentium,
1208 3251 1288 3320 quae

219 3352 299 3409 non
317 3339 517 3427 potuerunt
537 3324 579 3398 ad
601 3325 859 3419 plenitudinem
877 3329 1081 3415 pervenire.
1120 3329 1179 3401 Sic
1196 3349 1286 3428 ergo

192 3468 199 3482 ,
221 3454 298 3526 quae
321 3429 554 3505 inveniuntur
578 3426 614 3499 iu
634 3424 854 3500 sermonibus
873 3418 1135 3518 Prophetarum
1153 3428 1207 3514 ,de
1231 3449 1288 3503 re·

219 3527 506 3628 promisfionibue
531 3523 660 3620 scripta
683 3526 941 3598 beatitudinem
971 3525 1222 3615 continentia,
1262 3528 1286 3606 ll

218 3631 264 3707 de
279 3631 404 3724 lsrael,
431 3629 474 3701 ad
490 3627 653 3717 rellqules
670 3623 749 3698 istas
768 3644 844 3716 quae
861 3625 971 3697 elena
988 3624 1068 3697 sunt
1080 3617 1288 3719 pertinent:
1329 3599 1331 3648 Ι

216 3732 241 3807 sr
263 3733 307 3805 de
324 3725 523 3819 Gentibus,
550 3726 593 3799 ad
612 3726 871 3818 plenitudinem
889 3715 1056 3816 spectant.
1084 3727 1204 3818 Siqua
1222 3750 1285 3801 ve·
1330 3713 1333 3754 ³

123 3869 127 3873 ·
215 3852 259 3906 ro
279 3829 411 3923 tristia,
440 3828 462 3904 fi
482 3826 624 3920 quidem
642 3821 807 3902 delirae}
829 3826 1032 3916 dicuntur,
1047 3820 1090 3899 ad
1105 3827 1188 3899 illos
1212 3828 1285 3902 stne
1334 3869 1336 3874 ·

216 3930 326 4006 dubio
345 3932 504 4025 reliquos
524 3928 581 4022 qui
601 3925 771 4001 excecati
790 3922 868 3999 sunt
887 3917 1113 4000 reserunturr
1140 3924 1171 4000 ll.
1183 3944 1281 4101 gero

1209 4048 1234 4101 a
