2825 4559
169 459 173 465 ,
293 363 358 447 ru
377 367 555 446 enter.
584 370 664 446 no
688 368 923 465 nomeu.
948 368 1123 449 utu-x.
1175 395 1280 472 sm.

175 544 245 608 ret·
262 532 361 632 quoti
387 532 557 621 tudierit,
580 517 643 606 sed
660 533 760 624 quod
777 533 964 625 prosette,
992 533 1025 604 δι
1044 533 1120 608 aliie
1134 532 1252 611 homi·

173 636 284 708 nibus
307 634 464 725 pendere
487 633 642 726 quesibi
659 631 740 706 sunt
757 635 912 706 indicate
930 653 1005 705 non
1024 634 1143 711 liceat.
1194 635 1252 711 itt

176 752 268 827 ergo
290 732 410 825 potest
434 733 469 804 &
494 737 532 806 in
557 737 630 806 hoc
656 733 745 805 ioco
772 732 902 806 diiium
921 733 1037 805 videri
1058 732 1253 820 sacramen·

177 843 256 915 tum
272 832 495 925 temporibus
511 831 776 908 seculorumin
790 833 932 928 silentio
950 832 1130 926 habitum,
1152 834 1253 927 quod

176 929 324 1006 scierint
350 934 492 1025 quidem
515 931 706 1030 Prophetae
732 938 797 1023 (ex
817 932 1016 1026 ¹scripturis
1043 934 1139 1008 enim
1164 933 1253 1008 Pro·

178 1032 337 1126 phetieis
359 1030 624 1127 manifestatur)
650 1029 708 1104 sed
729 1034 956 1124 hominibus,
983 1031 1019 1103 id
1038 1030 1252 1129 estpuulgo

178 1129 258 1208 nou
274 1131 579 1214 manifestaverint
596 1151 667 1205 nec
681 1131 940 1225 patefecerint,
966 1128 1025 1203 sed
1040 1132 1183 1207 filontio
1199 1150 1254 1207 te·

181 1233 305 1303 xerint
333 1229 527 1308 secundum
553 1247 774 1325 preceptum
800 1233 923 1310 eterni
948 1231 1039 1323 Dei,
1060 1228 1253 1325 usquequo

183 1342 327 1423 tempus
346 1331 498 1423 adesset,
523 1348 565 1406 ut
581 1332 745 1405 Verbum
762 1352 849 1404 caro
866 1331 991 1422 fieret,
1018 1332 1053 1403 u
1074 1332 1254 1428 habitaret

183 1429 222 1501 in
238 1431 368 1524 nobie,
394 1429 726 1506 &manifestaretur
744 1432 910 1505 omnibus
923 1432 1091 1527 gentibue
1107 1429 1151 1505 ad
1166 1434 1256 1507 obe·

183 1529 353 1605 dientitm
370 1530 465 1607 fidei.
510 1531 623 1630 Quod
644 1550 737 1603 vero
754 1535 821 1605 eit:
848 1532 918 1602 Sosi
931 1532 1073 1627 sapienti
1087 1527 1179 1604 Deo.-
1205 1531 1275 1608 sr·'

183 1629 344 1721 pientem
358 1630 478 1705 Deum
492 1652 569 1706 non
584 1633 633 1703 ite
650 1631 825 1723 accipies,
852 1631 946 1721 quasi
961 1650 1067 1723 quem
1083 1628 1258 1725 sapientie·
1307 1687 1309 1692 -

184 1726 323 1806 fecerit·
333 1728 548 1825 sapientem,
565 1746 605 1804 ut
620 1734 715 1803 inter
733 1732 898 1804 homines
916 1730 1079 1805 hebetur.
1105 1733 1256 1826 sapient

186 1830 284 1905 'enim
298 1833 395 1903 inter
406 1833 572 1906 homines
588 1832 720 1903 dicitur
736 1832 981 1922 unusquisque
1002 1851 1047 1903 ex
1064 1833 1255 1927 perticipa-

186 1928 291 2004 tione
307 1929 505 2023 sapientire:
530 1932 631 2006 Deus
649 1948 858 2024 veto,.non
878 1929 972 2020 quast
988 1930 1048 2022 qui
1065 1951 1111 2003 ex
1125 1928 1268 2023 sapien-.-
1330 1975 1332 1984 ·

188 2033 239 2102 tie
265 2028 401 2122 sapiens
427 2030 628 2124 fetiussrt,
656 2030 715 2104 sed
735 2031 829 2123 quasi
849 2030 908 2123 qui
924 2027 999 2122 ipse
1016 2028 1142 2103 aneton
1160 2032 1203 2105 iit
1223 2034 1259 2106 iit
1294 2049 1305 2062 ⁸

186 2129 332 2226 genitor
347 2130 547 2225 sapientie,
572 2130 711 2224 sapiens
728 2129 937 2224 appelletur.
963 2128 1054 2208 Nou
1072 2131 1188 2226 enim,
1217 2147 1260 2205 ut

188 2233 364 2318 diximus,
389 2253 435 2304 ex
454 2230 624 2324 sapientia
641 2228 778 2323 sepiens
798 2230 919 2321 Deus,
945 2227 1006 2316 sed,
1031 2250 1077 2304 ex
1100 2230 1261 2326 sapiente

188 2326 277 2400 Deo
294 2327 463 2419 sapientia
478 2331 657 2422 procedit.
685 2330 826 2402 Merito
844 2349 931 2424 ergo
951 2329 1100 2401 dicitur:
1126 2335 1197 2402 Sosi
1210 2334 1260 2419 sa·

186 2431 298 2526 pienti
312 2430 391 2499 Deo.
442 2427 548 2501 Solus
575 2426 626 2503 est
651 2433 746 2501 enim
774 2429 823 2499 ite
848 2427 1128 2520 septennem,
1154 2437 1196 2504 u't
1212 2432 1262 2509 se·

188 2527 360 2626 pientiam
385 2525 458 2620 ipse
480 2528 591 2622 magis
613 2530 799 2622 genuerit,
826 2546 931 2619 quam
955 2548 1001 2600 etr
1024 2526 1193 2621 sapientia
1211 2533 1262 2606 se·

190 2633 292 2727 piens
310 2624 420 2699 fitius
439 2626 492 2703 fit.
519 2626 568 2698 Et
585 2624 680 2699 teste
698 2629 731 2698 ei
749 2630 883 2697 claritas
897 2624 1084 2724 per'Jesum
1100 2631 1262 2729 Cstrifltun
1333 2625 1340 2676 1

189 2731 382 2819 refertur,
396 2726 479 2817 quia
493 2728 543 2799 itu
560 2724 752 2819 sapientem
770 2724 840 2799 eise
854 2726 968 2800 solum
983 2730 1125 2823 Deum,
1151 2747 1193 2804 ut
1211 2736 1264 2827 ip-

192 2829 229 2903 se
254 2826 461 2922 sapientiam
484 2829 670 2921 genuerit,
697 2825 856 2900 Christus
881 2825 1001 2920 Jesus,
1028 2829 1164 2926 qui'est
1192 2829 1264 2908 Dei

193 2931 313 3001 virtue
340 2926 373 2998 δι
399 2926 470 3000 Dei
496 2926 687 3018 sapientie,
715 2927 925 3012 declaravit.
978 2932 1019 3001 ln
1031 2929 1144 3019 lecese
1167 2954 1264 3008 veto

188 3028 370 3123 secutorum
394 3025 492 3127 quod
517 3026 584 3113 ait,
611 3027 722 3100 morie
749 3024 800 3099 est
825 3024 1019 3120 Se'ripturae
1043 3030 1176 3104 divine
1199 3035 1267 3112 irn-

194 3129 419 3204 mensttatem
437 3127 592 3216 per'hoe
609 3139 814 3218 temporum
831 3126 1024 3221 defigente.
1076 3133 1179 3203 Amen
1205 3154 1266 3206 au·

196 3240 272 3302 tem
291 3224 384 3316 quasi
399 3223 441 3296 ad
459 3224 774 3299 confirmationem
790 3228 974 3311 omnium,
1000 3247 1078 3321 que
1104 3230 1266 3327 superine

194 3326 326 3419 scripta
347 3323 456 3416 sunt„
473 3326 510 3396 in
526 3322 599 3398 sme
615 3324 757 3416 posuit,
784 3345 849 3418 per
866 3327 964 3417 quod
978 3334 1179 3405 vernaculo
1192 3334 1268 3408 He·

163 3435 167 3462 ¹
195 3430 377 3610 tssraeotum
395 3420 559 3499 sermone
575 3445 662 3500 vere
678 3425 712 3499 δι
729 3422 849 3501 fidelia
864 3425 1028 3523 esseque
1043 3428 1269 3531 suntscrtpte

214 3539 364 3628 ignoret.
611 3557 614 3566 ·
828 3557 842 3622 s
997 3571 1000 3577 -
1231 3569 1233 3576 ·

538 3825 933 3855 m
