2825 4559
80 147 1338 189 m

235 223 287 318 46
402 205 1136 314 omousio-,corruiturus

236 382 755 580 lllrlistltllhdlll
776 385 1301 588 iiltshlllltllllll

238 613 336 701 nunc.
385 583 472 660 Fert
488 605 579 702 ergo
596 586 696 704 Deua
710 590 912 681 patienter,
934 589 967 662 dr
987 587 1166 679 exspeclat
1181 594 1302 666 unius·

237 706 415 862 dull}
433 683 912 875 ulilllllniilu
932 686 1339 886 lilsllllllhllzt

171 899 174 904 '
236 894 296 964 tiae
317 890 392 980 ejus
410 883 444 958 ἃ
460 883 726 986 sustentationis
744 900 844 958 certa
860 888 1022 960 mensura
1039 884 1114 980 eli.¹
1278 969 1284 978 ¹

288 1027 291 1032 ·
312 1013 348 1076 4.
375 989 552 1058 Secundum
577 990 732 1055 duritiam
757 1003 861 1056 nutem
884 1003 992 1072 ruam,
1019 985 1057 1062 ὅ
1081 1009 1133 1057 ror
1160 989 1303 1080 impoenr'·

236 1107 331 1176 tens,
358 1088 560 1174 thesaurizas
578 1084 639 1154 ribi
664 1083 718 1178 r‘pfi
739 1088 822 1156 iram
839 1091 876 1154 in
894 1086 945 1159 die
971 1092 1049 1173 ira,
1075 1083 1115 1162 δ’
1134 1083 1301 1158 revelatri-

237 1199 291 1265 rtis
305 1189 385 1287 julii
399 1188 518 1283 judicii
539 1187 622 1299 Dei,
648 1192 705 1299 qui
725 1187 829 1300 reddet
849 1189 1021 1279 unicuique
1029 1187 1195 1273 secundum
1210 1209 1302 1280 opera

237 1282 1302 1481 lllhi’izllllll{tigillilillll‘hllllllll

238 1494 358 1566 culum
375 1482 536 1579 imaginis
554 1483 685 1554 divinae
706 1501 782 1570 non
804 1483 942 1577 recipit.
994 1484 1079 1555 Hoc
1101 1485 1193 1557 idem
1217 1484 1301 1558 alibi

238 1613 304 1666 cor
326 1584 472 1659 cralsurn
497 1582 716 1675 appellatur,
742 1580 832 1654 ficut
857 1581 947 1654 cunr‘
964 1579 1113 1656 dicitur:
1143 1581 1301 1674 lncraffie.

237 1711 306 1766 tum
333 1688 372 1783 qi
395 1709 445 1755 rar
468 1682 572 1777 populi
599 1681 706 1774 hujus.
758 1677 986 1756 Contrarium
1013 1701 1107 1754 vero
1133 1679 1184 1755 est
1206 1681 1300 1756 duro

237 1791 368 1876 molle,
394 1781 493 1874 quod
510 1784 548 1853 in
573 1780 764 1872 Scripturis
789 1800 854 1852 cor
879 1800 1048 1854 carneum
1073 1783 1299 1869 nominatum

237 1895 272 1965 tir
291 1883 404 1961 crasso
423 1880 551 1954 subtile
571 1881 630 1952 vel
651 1894 786 1971 tenue,
814 1876 912 1969 quod
937 1875 1136 1971 Apostolus
1165 1879 1301 1972 spirita·

234 1994 306 2066 lern
321 1983 506 2060 hominem
525 1995 637 2051 vocat
653 1999 756 2064 eurn,
776 1979 843 2069 ··qui
868 1982 1047 2054 examinat
1066 1981 1197 2056 omnia.
1236 1979 1301 2075 igl-

237 2104 392 2166 turcum
411 2083 490 2173 quis
509 2076 596 2167 scit,
623 2096 701 2168 quae
721 2081 818 2150 bona
835 2077 932 2168 sunt,
948 2077 993 2150 dr
1012 2097 1088 2151 non
1102 2083 1173 2173 agit
1186 2081 1300 2172 bona,

235 2209 301 2284 per
329 2181 493 2260 duritiam
522 2178 643 2249 cordis
669 2188 895 2254 contemtum
925 2179 1085 2252 omnium
1108 2182 1300 2254 honorum

234 2291 370 2364 habere
385 2277 584 2353 credendus
599 2273 661 2358 est.
688 2273 886 2351 Crassitudo
903 2294 995 2349 vero
1013 2267 1132 2349 cordis
1148 2277 1217 2370 est,
1236 2274 1299 2351 ubi

235 2387 372 2464 subtilis
390 2380 423 2454 dr
442 2377 603 2470 spiritalis
619 2376 734 2448 intelli
762 2378 865 2448 entire
882 2395 957 2448 non
975 2378 1147 2467 recipitur
1163 2375 1300 2450 sensust

235 2489 270 2562 dr
295 2487 344 2560 ita
368 2498 434 2553 cnr
456 2478 682 2568 impoenitens
715 2397 880 2548 essedum
907 2472 1120 2548 thesaurizat
1145 2474 1205 2549 srbi
1236 2474 1300 2566 ipsr

231 2591 322 2661 iram
339 2585 376 2656 in
393 2577 548 2666 dieite,
575 2576 607 2648 dr
624 2576 860 2648 revelationis
873 2571 955 2665 justi
969 2572 1093 2664 judicii
1114 2572 1195 2666 Dei,
1214 2576 1300 2652 duur

216 2693 370 2764 honum
383 2695 477 2771 opus
488 2693 565 2749 non
579 2678 693 2770 egitur
704 2694 768 2765 per
779 2675 966 2759 duritiama
987 2672 1189 2747 intelledius
1204 2695 1300 2748 vero

232 2789 353 2863 bonus
378 2797 443 2870 per
466 2774 723 2848 crassitudinem
752 2774 873 2847 cordis
900 2773 1113 2847 excluditur.
1163 2773 1222 2847 De
1245 2774 1299 2848 ira

217 2903 353 2959 autern
372 2875 442 2950 Dei
462 2874 496 2947 ἃ
515 2873 696 2966 superius,
723 2887 895 2962 quantum
916 2889 974 2942 rer
996 2870 1071 2962 pati
1098 2873 1236 2962 voluit,
1262 2871 1298 2946 Gr

232 2989 270 3059 in
292 2984 366 3056 aliis
388 2980 481 3049 locis
503 2971 593 3064 saepe
614 2968 793 3044 dilserturn
820 2968 881 3042 elh
934 2969 1046 3067 Quod
1074 2989 1166 3041 vero
1191 2971 1294 3060 dicit,

237 3081 456 3170 Thrslanrizar
471 3075 531 3144 rili
545 3071 601 3162 ipfi
616 3077 698 3139 iram
715 3073 753 3138 a'rr
766 3070 816 3139 die
832 3075 903 3152 ira,
923 3066 1218 3144 considerandum
1233 3069 1295 3148 est.

192 3241 195 3246 -
231 3179 437 3258 Thesaurus
456 3170 673 3264 appellatur,
699 3186 773 3258 quo
791 3165 918 3241 diversi
933 3172 1075 3262 generis
1091 3169 1227 3260 opes&
1244 3173 1295 3240 di-

230 3286 330 3357 vitie
351 3284 627 3368 congregantur.
679 3265 793 3358 Hujus
820 3267 856 3338 in
878 3264 1070 3358 scripturis
1098 3261 1296 3363 significan

110 3383 115 3398 '
230 3387 316 3460 tiarn
338 3377 515 3466 triplicem
535 3369 696 3463 legimur.
748 3365 892 3439 Dicitur
917 3367 1067 3439 enimin
1091 3361 1294 3461 Evangelio

231 3467 505 3556 thesauruselle
520 3469 660 3561 quidam
677 3467 715 3538 in
732 3466 859 3562 terris,
881 3468 916 3537 in
932 3477 1006 3556 quo
1022 3467 1194 3558 prohihet
1215 3463 1294 3542 llo·

231 3584 348 3656 minus
367 3569 613 3646 thesaurizari:
639 3566 672 3639 dr
690 3567 778 3638 alius
794 3559 976 3652 thesaurus
994 3566 1031 3638 in
1043 3565 1146 3656 caelo,
1163 3568 1199 3639 in
1217 3589 1292 3660 quo

228 3683 334 3775 jubet
362 3669 487 3746 fideles
517 3685 682 3758 quosque
714 3683 803 3756 oper
832 3663 907 3735 suas
931 3663 1150 3739 recondere:
1177 3661 1292 3742 &hic

87 3851 96 3860 ,
229 3795 327 3855 nnnc
343 3769 545 3866 Apostolus
565 3768 651 3836 dicit
667 3764 727 3836 irae
741 3758 938 3836 thesauros.
968 3761 1105 3836 Omnes
1121 3783 1210 3858 ergo
1226 3767 1292 3840 ho-

229 3883 343 3955 mines
368 3891 433 3969 per
455 3869 554 3959 hec,
582 3885 659 3956 que
681 3877 792 3966 agunt
810 3864 848 3937 in
868 3862 941 3937 hoc
968 3863 1131 3956 mundo,
1157 3866 1192 3938 in
1215 3885 1291 3948 unc

1120 3963 1241 4056 aliquo
