2825 4559
86 295 101 422 '.
252 352 301 422 44
395 267 703 410 onron'urs
747 331 1151 426 commentae
1306 427 1309 434 ,

253 490 417 584 luxuria,
443 494 704 572 &multitudo
719 498 836 583 omnis
857 498 1054 589 maiorum,
1080 500 1208 591 quibua
1229 493 1318 574 scili·

238 610 315 690 'cet
343 593 532 668 ministram
551 594 586 666 se
607 594 843 687 famulamque
866 595 1068 670 subdiderit.
1117 597 1257 692 Quodsi
1278 600 1315 676 iu

226 753 230 764 .
254 686 470 783 semetipsam
491 692 641 790 regreiia
658 696 733 767 haec
747 697 881 786 anima,
898 696 1175 788 pietatirursue,
1197 697 1316 770 &vir-

253 792 390 863 tutibus
415 797 545 868 mentia
574 793 641 867 sua
664 795 807 885 jatroam
833 797 988 886 pandat,
1014 807 1140 869 nonne
1166 795 1330 892 ingreffa·

115 917 118 922 ·
253 895 367 980 pietas
398 891 615 982 impietatem
644 896 823 967 continuo
850 892 1041 988 depellet?
1092 895 1317 970 Similiter&

247 987 380 1079 justitia
405 991 610 1084 injustitiam
636 994 780 1085 trudet,
808 992 1032 1086 &sapientia
1049 991 1254 1085 stultitiam,
1280 993 1316 1070 it

253 1086 426 1163 sobrietas
446 1092 618 1165 luxoriam
641 1090 798 1187 fugabit;
825 1105 932 1185 atque
950 1094 999 1164 ita
1020 1091 1171 1186 depulfis
1195 1114 1241 1168 ex
1265 1092 1322 1168 se·-

250 1188 398 1281 metipsa
427 1191 687 1264 habitatoribus
718 1193 896 1281 barbaris,
926 1194 1035 1264 civile
1061 1193 1318 1290 &legitimum

168 1366 174 1377 ,
219 1337 227 1362 .
250 1291 445 1362 virtutihus
465 1294 638 1383 prabebit
662 1289 864 1384 hospitium.
919 1294 1121 1390 Quomodo
1138 1311 1225 1385 ergo
1239 1295 1311 1385 jam

250 1389 391 1478 plenam
410 1392 602 1462 virtutibus
618 1394 768 1466 animam
783 1391 914 1485 justum
933 1393 1001 1464 crit
1017 1393 1061 1464 de
1080 1392 1133 1463 hia
1149 1409 1312 1486 arguere,

97 1525 104 1550 t
250 1506 328 1574 quat
348 1488 510 1582 geiserit,
533 1512 613 1563 cum
632 1491 792 1564 nondum
815 1490 900 1564 effer
921 1494 1032 1564 amica
1054 1492 1249 1581 virtutum,
1273 1490 1311 1584 „Gr

250 1585 294 1658 de
315 1590 497 1681 impietate
525 1591 642 1681 piam,
670 1591 716 1662 de
736 1589 904 1683 injustitia
926 1588 1078 1681 justam,
1105 1591 1150 1662 de
1174 1590 1315 1667 luxuria

157 1761 162 1770 ,
249 1684 398 1760 sobriam
417 1685 688 1782 condemnare?
725 1694 807 1761 Ηοε
828 1709 916 1785 ergo
933 1690 1169 1764 modoetiam
1188 1690 1224 1761 in
1241 1690 1310 1778 hit,

248 1789 402 1875 quorum
428 1787 574 1863 temiiiae
601 1786 680 1861 sunt
707 1789 941 1880 iniquitates,
977 1789 1011 1860 u
1037 1807 1190 1882 quorum
1216 1785 1311 1866 tetta

248 1884 329 1960 sunt
352 1901 525 1978 peccata,
553 1888 751 1962 credendus
775 1887 827 1962 est
847 1888 947 1974 Deus
967 1886 1160 1961 secundum
1179 1889 1312 1963 verita·

109 2055 113 2060 .
246 1984 675 2077 temservarejudicium.
1297 2057 1300 2064 ,

325 2108 356 2160 2.
386 2083 557 2181 Existimas
584 2105 687 2158 aurem
710 2087 787 2171 hot,
812 2112 828 2156 o
853 2088 941 2156 homo
961 2091 1083 2173 omnir,
1110 2089 1166 2182 qui
1184 2069 1310 2178 judicia

245 2211 313 2271 eos,
340 2190 395 2282 qui
419 2189 501 2256 talia
519 2202 635 2279 agenr,
663 2188 702 2261 (5
719 2188 809 2276 satir
835 2188 911 2267 iiia,
938 2190 1013 2281 quia
1031 2202 1068 2256 tu
1089 2187 1207 2278 effugiet
1223 2190 1310 2281 judr'·

245 2291 327 2356 cium
354 2280 443 2357 Dei?
492 2284 528 2357 Si
551 2288 692 2379 omnia,
719 2308 796 2378 quae
819 2288 877 2358 lex
904 2287 1084 2377 loquitur,
1111 2287 1164 2358 his
1191 2287 1336 2373 quiin.

243 2386 323 2480 lege
342 2385 421 2459 sunt
439 2385 618 2476 loquitur:
644 2385 772 2476 &qoae
788 2384 1042 2479 Evangelium,
1069 2385 1129 2457 vel
1146 2382 1308 2474 Aposto·
1337 2391 1340 2410 ¹

101 2531 104 2540 ·
244 2486 299 2559 lus
322 2503 417 2558 nunc
443 2484 628 2576 loquitur,
654 2505 731 2559 non
754 2484 973 2577 principibus
998 2483 1133 2571 seculi,
1160 2502 1228 2556 nec
1255 2505 1310 2574 re,

243 2586 346 2679 gibos
365 2586 507 2664 mundi,
533 2582 592 2658 sed
614 2581 851 2659 Ecclesrarum
872 2579 1070 2674 reiioribus
1089 2581 1121 2654 or
1139 2582 1309 2678 principi.

136 2741 141 2750 ,
244 2687 312 2756 bus
329 2685 514 2773 loquitur,
539 2688 593 2756 his
608 2686 801 2775 videlicet,
820 2684 877 2773 qui
890 2683 1051 2774 iudicant
1069 2703 1154 2772 eoa,
1180 2683 1238 2770 qui
1255 2687 1308 2758 in·

243 2796 303 2858 tus
322 2781 423 2881 sunt,
449 2784 486 2856 id
501 2780 572 2874 est,
598 2782 786 2875 Episcopis
802 2785 863 2854 vei
882 2781 1106 2875 Presbyteria
1122 2780 1155 2854 ἃ
1173 2780 1315 2882 Draco,

241 2882 359 2956 nibus.
411 2881 476 2956 His
499 2901 586 2975 ergo
601 2881 688 2953 dicit
703 2901 750 2954 ne
768 2879 971 2954 existiment
989 2879 1022 2951 se
1039 2877 1198 2974 effugere
1212 2879 1307 2972 judi·

243 2981 338 3054 cium
358 2978 448 3068 Dei,
474 2978 497 3052 st
517 3001 557 3052 ea
577 2980 807 3053 committant
822 2976 908 3069 ipsr,
937 2977 1126 3070 dequibus
1146 2978 1235 3052 alios
1250 2982 1308 3073 ju.

241 3081 363 3154 dicant
378 3077 414 3152 u
430 3079 684 3156 condemnant.
739 3076 785 3149 Et
801 3078 886 3149 ideo
906 3092 1058 3169 oportet
1073 3098 1308 3167 unumquem-

241 3180 378 3273 quode
404 3177 460 3251 sua
486 3180 582 3270 priua
606 3177 825 3253 conscientia
845 3177 1029 3269 judicare,
1057 3178 1190 3250 &tunc
1211 3176 1305 3272 ejus,

241 3300 348 3372 quem
363 3279 520 3371 judicat,
545 3278 640 3374 gesta
659 3275 846 3354 discutere.
898 3274 1054 3376 Quodii
1078 3274 1201 3357 fieret,
1228 3273 1306 3352 om·

240 3383 298 3452 nie
321 3382 465 3471 penitus
487 3378 639 3450 adeundi
656 3378 807 3452 honoris
832 3374 1065 3452 Ecclesratiici
1086 3374 1306 3470 abscindere·

239 3491 299 3549 tor
323 3479 493 3570 ambitio,
519 3475 543 3552 ri
570 3474 606 3550 se
626 3473 840 3573 judicandos
860 3478 982 3571 potius
1006 3495 1108 3566 quam
1125 3474 1318 3568 judicatu·-

238 3577 363 3664 rothi,
381 3577 440 3668 qui
461 3575 601 3670 precise
617 3579 751 3650 volunt
765 3577 923 3670 populis,
940 3577 1151 3670 cogitarent.
1178 3571 1303 3648 Nemo
1328 3599 1330 3606 ·

240 3696 329 3770 ergo
354 3674 553 3766 existimet,
581 3677 687 3767 quod·
707 3673 868 3772 effugere
893 3672 998 3768 possit
1021 3673 1193 3764 judicium
1216 3673 1302 3761 Dei,

76 3843 88 3900 t
238 3775 376 3849 stent&
397 3773 577 3869 Propheta
599 3777 703 3851 dicit:
728 3777 801 3869 Quo
818 3776 864 3848 iio
882 3801 903 3846 a
913 3775 1037 3867 spiriru
1055 3787 1130 3861 rue,
1155 3771 1194 3848 o
1211 3801 1231 3844 a
1243 3773 1304 3866 sa.

77 3869 101 3940 ·.“
150 3885 153 3890 ·
240 3880 286 3947 cie
306 3891 365 3944 rua
390 3898 450 3973 qur
468 3871 625 3971 fugiam?
675 3873 723 3948 Et
743 3875 916 3966 quiahoc
934 3870 977 3946 ad
997 3891 1061 3946 eos
1079 3873 1230 3946 maxime
1251 3873 1302 3945 di-

207 3987 390 4070 cuntur,
419 3975 481 4070 qui
501 3972 664 4076 presunt¹
678 3973 821 4068 judiciis
841 3975 1082 4071 populorum,
1107 3972 1245 4052 idcirco
1265 3971 1302 4048 ἃ

133 4063 147 4143 i·
1165 4074 1249 4150 alibi
