2825 4559
178 393 181 399 s
234 308 298 386 riu
322 303 498 384 irrisu
525 301 604 382 sn
628 302 856 382 nonin.
881 303 986 382 cis·
1009 302 1058 386 u.
1144 311 1192 404 ε,

126 475 245 566 cittis,
271 470 331 563 qui
346 489 424 542 riou
443 465 709 543 circumciderit
723 466 992 560 blasphemiam,
1007 465 1194 556 scurrilita-

127 590 228 661 tem,
253 569 513 662 turpiloquium
533 569 577 640 de
593 588 659 639 ore
674 563 762 653 suo;
789 571 846 657 qui
867 589 940 640 non
961 567 1120 663 posuerit
1134 591 1197 642 cu«

126 671 279 750 studium
303 671 357 741 ori
386 667 470 758 suo,
492 668 531 754 ,di
547 665 675 741 ostium
694 666 962 740 circumstantiae
981 669 1081 741 labiis
1103 668 1194 759 suis3

130 772 192 863 qui
206 783 284 846 non
303 770 410 842 etiam
431 789 451 841 a
470 769 587 840 verbo
606 763 729 838 otioso
745 766 1008 840 circumciderit
1024 777 1067 841 os
1083 768 1194 846 suum.

129 871 301 963 Denique
317 869 380 940 ubi
399 867 488 940 dicit
503 863 654 958 Moyses
671 864 716 937 ad
727 862 944 940 Dominum:
973 855 1116 952 Provide,
1129 874 1196 940 Di·

129 979 225 1058 nilne,
244 970 343 1040 alium
358 992 446 1065 quem
465 974 600 1038 mitras:
627 988 676 1057 ego
691 967 800 1037 cutem
819 968 929 1037 tardus
943 968 1055 1061 lingua
1073 972 1108 1043 U
1122 997 1195 1063 gra·

128 1069 184 1148 eiii·
203 1095 280 1140 uoce
293 1071 386 1158 sums
409 1066 472 1160 ipsi
487 1067 524 1138 iii
541 1065 701 1138 Heureis
722 1068 981 1162 exemplaribus
1006 1069 1140 1141 hibere
1159 1068 1195 1142 se

131 1171 278 1244 dicunt:
305 1169 491 1261 Egtuutem
512 1164 747 1251 incircumcisus
754 1167 824 1254 sum
838 1168 943 1239 labiis.
970 1168 1107 1265 Quodsi
1121 1169 1196 1241 hoe

130 1269 270 1359 modo,
298 1287 371 1358 quo
395 1264 555 1359 superius
578 1265 751 1358 diximus,
777 1266 897 1359 potest
913 1270 992 1358 quis
1007 1268 1197 1340 incircum-

134 1367 222 1442 cisus
242 1367 360 1440 videri
378 1369 537 1457 auribus,
553 1364 587 1436 di
606 1364 872 1439 incircumcisus
889 1368 989 1441 labiis
1001 1418 1021 1458 ,·
1042 1387 1104 1438 cur
1119 1387 1197 1458 non

133 1466 282 1541 &simili
300 1464 415 1538 forma
436 1462 701 1538 incircumcisus
727 1468 904 1559 praeputio
931 1468 1046 1539 carnis
1064 1465 1131 1539 suae
1148 1466 1201 1566 di·¹

132 1582 234 1640 cetur
259 1567 311 1657 is,
339 1566 399 1655 qui
417 1567 498 1660 'erga
513 1565 709 1636 naturalem
728 1566 846 1638 coitus
866 1581 1004 1639 motum
1027 1566 1200 1640 immode-

133 1669 242 1739 ratius
261 1663 604 1758 &intemperantius
629 1662 761 1738 effluit:
787 1663 1012 1738 circumcisus
1031 1685 1120 1737 vero
1140 1667 1201 1740 ha·

133 1767 283 1843 beatur,
309 1762 428 1854 fiquis
453 1764 490 1835 in
508 1762 758 1852 huiuscemodi
778 1765 930 1859 negotio
954 1765 1136 1858 legitimis,
1163 1766 1199 1840 dc

85 1923 88 1934 .
135 1880 308 1957 quintum
325 1861 526 1955 posteritati
544 1859 691 1953 sufficit,
718 1877 840 1936 utatur
857 1862 1010 1936 officiis?
1060 1866 1201 1942 Verum

136 1966 303 2057 quoniam
324 1962 369 2035 de
392 1961 669 2036 circumcisionis
685 1961 1057 2057 rationetradlamus‚
1088 1967 1201 2042 'etiam

85 2051 87 2090 ³
135 2064 223 2140 illud
242 2063 298 2136 his
315 2061 506 2157 adjungere
525 2081 600 2133 riori
618 2058 805 2142 absurdum
823 2063 991 2154 videtur,
1018 2065 1119 2154 quod
1143 2065 1203 2161 Je-

137 2161 190 2236 sus
210 2159 305 2236 filius
323 2161 432 2234 Nave
454 2183 500 2238 ex
523 2177 711 2253 praecepto
734 2161 883 2237 Domini
908 2159 1004 2235 filios
1026 2162 1130 2237 lsrael
1151 2161 1203 2236 se·

137 2261 260 2338 cundo
280 2258 537 2334 circumcidisse
557 2257 813 2336 cultris'saxeis
832 2278 1074 2338 memoratur:
1102 2262 1203 2355 quod
1308 2293 1311 2298 ·

137 2365 281 2453 ntique,
305 2377 476 2450 quantum
503 2360 545 2431 ad
567 2360 706 2432 literam
726 2359 877 2454 spectat,
904 2361 1112 2453 imposibile
1130 2364 1204 2437 sac·

87 2551 90 2556 ⁵
139 2477 214 2536 tum
231 2460 386 2535 videtur.
413 2460 529 2531 Semel
548 2462 642 2534 enim
660 2460 871 2535 circumcisis
889 2463 1048 2533 incarne
1065 2483 1205 2556 praepu.

87 2569 90 2576 '
139 2563 203 2651 tii,
230 2558 316 2652 quid
336 2560 503 2632 invenire
524 2556 642 2650 pollet
664 2557 816 2638 secunda
833 2560 1075 2649 circumcisio,
1104 2562 1206 2650 quod
1241 2627 1243 2632 .

140 2656 326 2748 auferret?
363 2658 462 2752 Jesus
482 2657 738 2748 veronoster,
764 2660 822 2748 qui
843 2678 931 2731 vere
947 2658 1029 2751 post
1044 2659 1206 2751 Moysen

140 2757 236 2833 filios
258 2757 360 2831 lsrael
381 2760 565 2832 interram
583 2754 732 2832 sannam
753 2757 925 2831 fluentem
944 2760 1000 2830 lac
1017 2757 1052 2831 o
1069 2761 1153 2850 mel,
1166 2762 1206 2839 in

86 2869 89 2876 '
142 2873 274 2938 terrim
293 2856 570 2949 repromisionis
587 2858 746 2943 inducit,
774 2858 923 2931 evidens
941 2855 1005 2949 est,
1017 2859 1207 2950 quomodo

140 2980 219 3036 non
244 2956 371 3045 semel,
400 2954 457 3030 scd
471 2956 629 3029 secundo
645 2957 876 3030 circumcidit
896 2957 1123 3032 credentium
1137 2981 1208 3053 po·

142 3061 281 3153 pulum.
332 3053 446 3143 Primi
463 3076 615 3146 namque
636 3054 687 3128 est
704 3058 780 3148 ejus
799 3049 1042 3148 circumcisio,
1068 3080 1137 3149 qur
1161 3062 1206 3134 ab
1317 3065 1320 3072 '

85 3233 87 3264 Ι
144 3158 194 3230 eis
214 3160 275 3228 uel
294 3154 475 3228 idolorum
495 3157 651 3243 cultum,
677 3158 739 3229 vel
757 3171 962 3244 commenta
986 3156 1208 3250 philosophi.

146 3275 194 3329 cae
211 3252 443 3349 persiiafionis
455 3251 624 3329 exsecuit.
639 3253 803 3327 Secundi
821 3277 913 3329 vero
929 3256 1041 3328 utitur
1058 3258 1210 3333 circum.

145 3356 304 3444 cisione,
332 3374 413 3427 cum
436 3356 480 3425 ib
502 3356 552 3425 eis
571 3355 707 3426 veteris
727 3355 881 3429 hominis
899 3355 1209 3453 consuetudinem,
1316 3339 1330 3438 ξ

144 3455 178 3528 di
195 3454 371 3547 passiones
393 3474 434 3524 irc
451 3452 539 3524 vitia
556 3454 671 3527 carnis
689 3454 856 3528 ibscidit:
883 3453 917 3526 di
940 3466 1028 3529 tunc
1049 3459 1225 3550 complo-¹

146 3569 226 3646 tur,
254 3553 352 3644 quod
378 3552 414 3625 in
434 3549 515 3647 Jesu
538 3551 647 3627 Nave
668 3552 835 3644 scriptum
863 3552 933 3628 esti
969 3555 1105 3628 Hodiea
1122 3557 1211 3628 uobis

146 3654 256 3750 abstuti
270 3653 430 3748 opprobria
446 3654 596 3745 AEgypri.
648 3649 858 3747 Opprobrie
881 3673 1034 3743 namque
1055 3651 1210 3753 AEgypti

146 3751 264 3832 secum
284 3749 510 3842 circumfert,
538 3750 560 3825 fi
581 3750 658 3841 quis
680 3755 716 3825 in
735 3748 893 3847 Eccleliii
910 3754 1069 3849 posstui,
1095 3753 1209 3834 &sub

85 3905 88 3918 .
146 3850 228 4035 lesu
244 3854 335 3925 duce
351 3854 525 3940 militans,
553 3848 748 3944 AEgyptios
767 3872 887 3928 mores
911 3854 1081 3936 &motui
1103 3858 1212 3938 enimi

172 3957 320 4035 orbatos
346 3950 476 4034 servet.
527 3948 696 4028 Marcion
715 3951 817 4051 sane,
842 3954 900 4047 cui
918 3956 1212 4052 perallegoriam

644 4049 675 4133 F
699 4070 722 4148 ς
1071 4056 1159 4135 nihil
1304 4103 1306 4108 .
