2825 4559
93 268 97 281 ’
175 251 288 407 x{oa
359 277 1119 456 ῥ0111111118οοΜικψΝΤΑιι.

139 577 143 591 .
216 490 279 587 ιβ,
304 487 393 566 ficut
415 491 508 567 idem
532 491 729 589 Apostolus
755 494 864 588 dicit,
885 495 1052 584 secundum
1071 500 1281 594 Stripturas,

147 615 151 628 ’
218 593 355 670 &nihil
370 592 555 669 absurdunt
574 594 709 682 videri,
738 594 762 667 fi
786 595 835 686 is,
863 600 921 686 qui
939 590 1090 676 formam
1105 599 1196 672 servi
1214 589 1284 673 sus-

133 777 136 782 ,
215 704 399 790 ceperat,
413 694 635 767 dominatum
652 696 841 787 pertulerit
856 701 1005 791 mortis,
1030 719 1107 789 quae
1127 700 1199 772 fine
1221 699 1286 769 du·

93 841 105 864 ,
216 800 282 874 bio
304 795 509 892 dominatur
524 796 711 886 omnibus,
740 796 798 885 qui
821 795 858 869 in
880 816 988 869 carne
1003 798 1108 891 posrti
1132 797 1194 870 sub
1214 797 1284 870 ser-

148 963 151 971 .
216 898 282 974 oili
298 896 415 970 fornia
432 890 631 968 censentur.
683 893 754 967 Sed
770 895 803 965 dr
818 895 905 966 illud
924 895 1103 971 assertioni
1121 898 1204 970 huic
1223 900 1284 969 ad·

146 1085 149 1090 ⁸
212 1000 329 1094 jacet,
355 993 453 1086 quod
471 1007 663 1088 propterea
681 991 798 1068 forma
817 995 892 1066 haec
911 993 1026 1089 servi,
1053 997 1089 1070 id
1109 995 1181 1089 eli,
1208 996 1282 1089 ipsa

140 1101 159 1174 5¹·
217 1099 325 1172 etiam
343 1092 464 1176 nostra
481 1110 595 1185 caro,
613 1092 805 1167 seminatur
819 1096 856 1166 in
871 1099 1109 1187 corruptione
1118 1137 1135 1182 ,-
1155 1111 1196 1169 ut
1211 1097 1284 1169 sur-

181 1249 191 1262 ,
242 1212 277 1270 at
295 1197 332 1269 in
355 1193 650 1284 incorruptione,
677 1189 914 1266 &seminatur
930 1197 966 1268 in
983 1194 1212 1290 infirmitate,
1240 1210 1284 1269 ut

213 1220 382 1395 Purgatio
400 1294 558 1385 virtute,
586 1291 619 1363 &
639 1290 830 1364 seminatur
846 1294 884 1365 in
902 1298 1135 1388 contumelia,
1153 1310 1194 1368 ut
1210 1294 1282 1369 sur-

122 1392 145 1434 ·'
212 1413 275 1500 gat
294 1400 330 1469 in
348 1395 482 1492 gloria,
510 1391 543 1462 dt
561 1387 752 1470 seminatur
769 1412 901 1490 corpus
917 1395 1086 1485 animale,
1112 1409 1154 1468 ut
1171 1394 1284 1469 resur·
1309 1471 1311 1475 .

106 1565 110 1576 .
213 1509 276 1597 gat
293 1514 428 1587 corpur
444 1489 610 1586 spiritale,
627 1491 825 1566 srnodubio
841 1504 883 1564 ut
898 1515 995 1567 mors
1014 1494 1075 1585 ipsr
1093 1497 1186 1567 ultra
1202 1516 1281 1569 non

214 1597 444 1683 dominetur,
472 1611 550 1682 quae
568 1590 752 1675 dominata
768 1591 819 1664 est
834 1594 889 1685 ei,
916 1594 998 1666 dum
1020 1593 1108 1668 ellet
1127 1597 1163 1666 in
1181 1594 1280 1667 infir-

104 1749 138 1774 ..
213 1698 360 1777 mitate,
387 1692 420 1763 dr
437 1692 676 1783 contumelia,
703 1692 736 1762 dr
751 1694 999 1785 corruptione.
1037 1695 1093 1767 De
1109 1696 1168 1767 tali
1183 1696 1281 1769 enim

109 1779 116 1808 ¹
182 1815 185 1820 “
212 1817 337 1892 earne,
349 1811 426 1887 quae
443 1792 559 1861 adhuc
575 1791 612 1863 in
631 1789 750 1864 hisest
765 1789 962 1884 pallionum'
981 1795 1093 1884 vitiis,
1106 1792 1178 1886 ipse
1191 1793 1279 1866 Pau·

212 1901 269 1984 lus
292 1896 401 1969 dicit:
427 1893 515 1983 Quia
534 1913 603 1973 coro
621 1892 659 1965 (5
670 1894 799 1990 longuis
818 1917 946 1983 regnum
969 1896 1032 1964 Dei
1045 1891 1194 1989 possedere
1212 1920 1280 1966 aron

93 1992 115 2034 '⁸
136 2026 139 2039 ·
191 1995 355 2098 'possum
381 2015 481 2087 neque
497 1996 654 2084 corruptio
668 1997 937 2086 incorruptionem
954 1990 1129 2088 possidebit.
1155 1992 1225 2066 Sed
1243 1996 1278 2067 dt

153 2111 157 2124 ’
213 2096 314 2190 quod
337 2090 534 2179 alibiidem
558 2088 757 2182 Apostolus
782 2112 889 2185 corpur
909 2101 1022 2162 mortis
1048 2094 1275 2186 nominauit,
1330 2137 1331 2142 =

211 2198 257 2288 ia,
276 2196 335 2287 qui
352 2194 429 2266 haec
447 2188 577 2280 allerit,
595 2187 698 2282 hujus
722 2190 845 2262 mediae
862 2193 989 2263 mortis
1006 2195 1279 2289 intelligendum
1307 2187 1316 2212 “

213 2298 324 2387 dicit,
351 2312 432 2386 quae·
451 2286 699 2385 hujuscemodi
728 2293 875 2383 corpori
899 2293 1123 2382 dominatur,
1158 2292 1280 2366 donec

103 2379 113 2400 ’
203 2398 364 2471 ¹animale
380 2390 431 2465 est
449 2390 483 2461 u
501 2377 962 2481 corruptibile,dlnecdum
975 2414 1039 2485 per
1054 2394 1280 2488 resturettio·

210 2500 268 2572 nis
292 2495 440 2593 gloriam
462 2493 742 2580 commutatum,
771 2505 877 2580 atque
904 2512 949 2563 ex
975 2494 1284 2584 corruptibili-in-

209 2593 448 2689 corruptibile
466 2588 655 2678 offellum,
683 2589 716 2660 dt
734 2611 779 2661 ex
794 2591 943 2686 ignobili
964 2593 1167 2685 gloriosum.
1184 2591 1293 2668 lllud·
1317 2577 1325 2595 ⁸

211 2705 352 2784 autem,
379 2691 477 2784 quod
491 2692 574 2763 huic
591 2688 769 2761 allertioni
787 2690 892 2761 valde
910 2694 1129 2765 contrarium
1145 2684 1195 2765 eil
1219 2694 1278 2788 (id

210 2796 283 2887 ast,
311 2792 409 2884 qu‘od
434 2792 567 2863 mortui
593 2786 706 2861 sumus
731 2808 811 2861 oum
837 2787 1000 2871 Christo,
1028 2790 1280 2884 &consepulti

198 2894 330 2990 ,sumus
353 2892 407 2980 εἰς
422 2962 427 2971 ,
442 2889 538 2978 quod
557 2893 681 2979 utique
700 2889 930 2961 nullomodo
952 2890 995 2961 de
1013 2880 1194 2965 communi
1210 2894 1279 2965 hac

209 3006 330 3071 morte
354 2987 474 3086 potest
487 2985 659 3085 intelligi)
685 2988 759 3059 hoc
778 2988 892 3061 modo
917 2992 1108 3080 explanare
1132 2993 1278 3067 conabi-

100 3094 112 3134 Ψ
208 3108 290 3173 tur,
315 3092 356 3163 ut
377 3088 467 3188 ficut
487 3088 524 3160 in
546 3087 812 3182 superioribus,
840 3107 922 3163 cum
943 3088 987 3160 de
1006 3091 1210 3164 diversrtate
1227 3095 1276 3166 le·

207 3213 291 3293 gum
319 3209 605 3282 exponeremus,
630 3186 869 3276 ostendimus,
896 3187 1111 3279 Apostolum
1137 3192 1173 3264 in
1199 3213 1276 3267 uno

207 3293 411 3382 eodemque
426 3290 513 3361 loco
531 3290 644 3384 legem
663 3305 759 3359 nunc
772 3291 991 3379 naturalem,
1018 3310 1114 3361 nunc
1141 3293 1276 3386 Moyfi,

206 3413 306 3467 nunc
323 3391 429 3463 etiam
445 3389 586 3479 peccati
604 3387 849 3476 nominare,&
866 3390 934 3457 hoo.
948 3389 1062 3488 inausu
1081 3390 1150 3463 elle
1161 3391 1276 3482 Scrip-

126 3557 129 3562 .
189 3507 296 3568 tturae
309 3491 440 3584 divipae
456 3489 561 3584 etiam
579 3510 625 3560 ex
642 3488 716 3559 aliis
731 3488 822 3559 locis
838 3488 1003 3562 adhibitis
1019 3491 1206 3563 docuimus
1225 3509 1277 3574 te·

120 3598 124 3605 '
203 3579 401 3681 stimoniia,
435 3589 486 3660 ita
511 3588 545 3659 dt
567 3589 605 3659 in
631 3583 792 3681 praesenti
820 3606 915 3659 nunc
935 3605 1089 3662 mortem
1114 3612 1274 3664 commu·

203 3711 305 3786 nem,
328 3709 426 3762 nunc
442 3689 597 3781 peccati,
615 3706 712 3760 nunc
730 3687 835 3759 etiarn
853 3686 962 3779 ipsum
978 3689 1160 3763 ottilonem
1179 3713 1274 3761 mor-

203 3794 274 3883 tis,
300 3790 360 3884 qui
387 3788 422 3861 dt
446 3786 651 3861 noviffimus
677 3783 911 3859 destruendus
939 3788 1067 3860 dicitnr
1093 3792 1271 3873 inimicus,

203 3910 304 3965 nunc
325 3890 431 3962 etiam
451 3890 574 3966 locum
596 3885 747 3978 inferni,
772 3887 809 3958 in
826 3907 899 3977 quo
917 3891 1043 3959 mortis
1059 3890 1190 3962 habere
1208 3893 1271 3962 im-

190 3992 340 4086 perium
358 3989 540 4074 Diabolus
559 3987 710 4081 dicitur,
736 3982 931 4063 confirmet
945 3989 988 4062 ab
1006 3987 1190 4086 Apostolo
1206 4005 1272 4063 no

149 4107 179 4143 *-
546 4101 550 4114 '
1157 4096 1221 4167 rni-

848 4285 850 4290 ·
898 4261 914 4302 ὃ
