2825 4559
88 152 408 204 s'p’T——Z

91 211 96 268 ³
229 229 315 332 „tn
338 205 513 308 trtsr.
542 225 622 304 no
645 169 879 308 nonsit.
899 193 1010 310 trs.
1036 227 1086 310 11.
1146 209 1206 328 'ts

91 405 97 466 i
135 395 220 476 dibi
236 393 336 480 dicit,
354 393 451 485 quod
468 347 603 465 dedomo
622 395 686 466 uu·
703 359 1014 491 incipietjsrdicissm.
1050 393 1099 468 Et
1119 393 1206 470 item

91 471 98 586 i
134 498 215 574 tlibi
233 495 415 569 Dominus
432 493 539 564 dicit:
569 493 611 564 In
624 495 687 579 his,
706 498 999 590 quiapproxrmtnt
1016 501 1099 564 miii
1109 499 1206 586 sons·
1334 569 1340 596 ,

133 581 301 688 edicatur:
335 594 424 678 srout
447 594 481 666 in
503 591 631 665 Nadab
655 591 690 664 dt
716 589 837 666 Abiud
864 595 997 688 gestum
1022 595 1095 687 est,
1123 617 1205 670 curn

90 675 99 832 i
133 699 292 770 siienuns
316 693 457 787 ignem,
484 690 520 763 id
545 689 618 782 est,
643 710 721 764 non
745 689 904 785 sacrum,
932 696 1061 768 divinis
1090 700 1206 770 elteri·

92 837 95 845 ·
132 795 201 870 bus
228 785 455 867 obtulerunt.
505 791 634 883 incipit
654 809 742 886 ergo
760 789 932 888 judicium
950 814 970 865 a
989 793 1069 865 filiis
1091 801 1199 886 prius.

135 893 413 986 flagellatenim
442 895 528 962 Deus
551 915 702 984 omnem&
726 916 815 987 quem
842 899 877 961 in
903 915 1068 965 numerum
1095 905 1205 990 recipit

128 995 287 1088 fitiorum.
321 991 483 1075 Verum,
500 1003 542 1060 ut
564 1011 634 1085 ego
651 989 838 1082 existimo,
853 1011 922 1064 nec
938 993 962 1066 ti
979 993 1096 1086 poiiet
1110 1000 1202 1086 quis,

133 1093 288 1168 deberet
315 1088 413 1162 veile
439 1085 600 1185 effugere
624 1087 797 1187 judicium
826 1085 907 1163 Dei.
961 1093 1050 1166 Non
1079 1098 1204 1167 venire

133 1196 230 1266 enirn
251 1191 295 1262 sd
310 1189 504 1280 judicium,
531 1191 604 1262 hoc
622 1187 672 1262 est
690 1193 732 1261 ad
750 1191 1143 1285 emendationem‚'vei
1161 1194 1205 1266 sd

126 1289 344 1380 finitatem,
369 1287 404 1360 dt
425 1290 619 1361 remedium
637 1310 714 1361 non
735 1293 869 1362 venire.

214 1409 247 1482 3.
274 1393 342 1460 Aut
358 1389 496 1457 diuitias
514 1389 665 1459 bonitatis
681 1392 766 1486 ejus,
783 1389 821 1465 Θ
834 1388 1080 1485 suflentots'uns's
1097 1390 1134 1468 θ
1149 1413 1204 1489 po·

135 1493 264 1564 timtiae
287 1484 490 1558 contemnis?
543 1491 673 1580 Ignoras
699 1494 848 1584 quoniam
872 1492 1049 1584 benignitas
1080 1497 1139 1562 Dei
1164 1493 1204 1563 ad

132 1593 360 1688 paenitentiam
388 1583 596 1658 readducit?
648 1587 805 1660 Divitias
835 1590 1006 1664 bonitatis
1041 1591 1110 1663 Dei
1142 1594 1204 1665 iile

86 1779 88 1784 ,
136 1685 335 1786 ugnoscere
353 1685 485 1777 potest,
502 1685 561 1777 qui
579 1685 781 1760 considerat
797 1702 927 1780 quanta
940 1691 975 1762 in
992 1692 1096 1763 terris
1115 1695 1206 1764 nnis

139 1788 305 1882 quotidie
328 1784 493 1858 homines
518 1800 670 1879 gerunt,
698 1785 733 1858 dr
759 1789 948 1878 quomodo
966 1811 1059 1881 pene
1077 1810 1208 1865 omnes

138 1889 382 1975 declinantes,
409 1883 443 1955 dt
466 1883 563 1958 simui
588 1886 732 1959 inutiles
757 1884 864 1980 fatti,
893 1888 999 1961 lstsrn
1022 1889 1054 1960 dt
1078 1885 1207 1983 spatio·

135 1987 206 2063 sern
225 1984 438 2080 perditionis
458 1984 640 2056 smbuisnt
661 1986 779 2075 viem,
807 1986 955 2080 angusto
976 1988 1059 2060 vitr's
1076 1991 1207 2063 itinere

136 2083 329 2182 nequitu,
354 2081 525 2156 &tanen
549 2082 603 2156 his
624 2085 791 2157 omnibus
811 2083 926 2158 Deum
944 2091 1208 2181 producentem

136 2185 251 2260 ioiesn
265 2181 363 2256 suurn
379 2180 563 2275 quotidie,
580 2181 613 2252 dt
633 2184 775 2275 pluvias
791 2185 1045 2282 ministrantem
1056 2208 1068 2273 3
1081 2188 1129 2259 'dr
1148 2188 1209 2278 qui
1230 2247 1233 2254 .

85 2278 90 2286 ’
139 2283 341 2358 confident
358 2281 482 2372 quenti
501 2283 663 2372 quotidie
678 2285 715 2354 in
736 2282 851 2357 Deum
871 2285 1145 2377 blasphemant,
1174 2287 1208 2358 dr

140 2383 177 2458 io
193 2384 324 2456 coeiurn
340 2381 541 2454 extendunt
561 2382 697 2477 linguas
718 2380 805 2456 sues.
858 2382 933 2477 Jern
953 2387 1036 2474 quid
1057 2388 1101 2457 de
1117 2384 1211 2457 frau-

138 2483 270 2573 dibus,
298 2479 344 2553 de
366 2482 430 2570 vi,
457 2479 687 2572 desedere,
715 2487 760 2553 de
785 2479 973 2577 sacrilegiis
1001 2483 1034 2554 dt
1060 2485 1209 2578 piaculis

138 2577 287 2656 dicerni
338 2580 480 2674 Quibus
501 2595 619 2651 tamen
638 2583 806 2653 omnibus
826 2583 861 2654 in
881 2582 955 2655 hoc
977 2583 1065 2654 ioco
1084 2587 1132 2656 iiii
1159 2586 1211 2654 vi·

139 2681 275 2755 dentur
291 2683 327 2752 in
348 2678 481 2751 sceiere
499 2677 681 2769 preferri,
708 2680 768 2769 qui
787 2681 878 2753 aiios
895 2679 1119 2775 judicantes,
1147 2681 1211 2774 ipss

137 2781 482 2869 committuntque
512 2779 548 2848 in
579 2779 717 2849 caeteris
750 2779 914 2870 puniunt.
974 2781 1210 2876 Siquis-ergo

138 2879 235 2956 hanc
262 2879 462 2953 bonitatem
486 2876 555 2948 Dei
580 2875 615 2947 dt
642 2874 932 2986 sustentationem
962 2879 1065 2975 ejus,
1094 2884 1124 2952 dt
1154 2902 1213 2974 pe·
1266 2955 1269 2962 ,

138 2983 306 3056 dentiam
327 2981 552 3080 contenrnit,
578 2974 723 3070 ignorat
744 2980 843 3067 quod
868 2999 933 3070 per
948 2976 1025 3052 hec
1043 2982 1084 3052 ad
1102 2981 1214 3073 poeni·
1322 3025 1324 3030 -

138 3081 294 3154 tentisnr
327 3091 564 3170 provocatur.
625 3074 845 3148 sustentatio
873 3095 965 3149 vero
993 3099 1012 3150 s
1040 3083 1214 3171 patientis

140 3174 544 3264 noc-videturdtffeno,
557 3174 655 3263 quod
667 3176 728 3265 qui
745 3173 928 3248 infirmitat
968 3182 1091 3273 mgis,
1108 3195 1213 3268 quern

146 3277 336 3372 proposito
358 3277 591 3366 delinquunt,
620 3272 799 3346 sustentari
821 3276 927 3347 dicun
948 3295 1008 3346 ur:
1037 3280 1094 3368 qui
1120 3297 1213 3350 vero

142 3377 320 3472 pertinaci
346 3387 468 3447 rnente
487 3375 591 3444 velut
608 3373 787 3444 exsultant
800 3376 837 3445 in
856 3373 992 3446 delitiis
1013 3376 1103 3457 suis,
1128 3374 1215 3450 serti

141 3480 328 3571 patienter
350 3473 491 3546 dicendi
514 3471 605 3544 funt.
659 3471 729 3544 Sed
748 3471 837 3545 sicut
856 3477 975 3546 ornnit
994 3477 1030 3548 in
1051 3474 1214 3549 mensure

142 3571 237 3652 feeit
260 3575 386 3666 Dens,
415 3570 448 3643 dt
473 3571 657 3664 pondere,
685 3571 718 3642 dt
745 3590 922 3665 nurnero,
949 3573 998 3643 its
1023 3577 1130 3647 etism
1149 3594 1217 3667 ‚ps-

144 3676 285 3750 tientiae
300 3673 375 3764 ejus
398 3683 496 3744 certa
519 3668 680 3743 mensures
701 3666 773 3743 est:
800 3691 903 3761 quarn
926 3669 1121 3750 mensurant
1139 3694 1215 3747 ere-

83 3843 91 3868 ,
142 3773 305 3857 siendum
327 3770 377 3844 est
403 3765 474 3844 ess'e
498 3768 777 3842 consummatam
797 3771 856 3842 vei
879 3772 922 3841 ab
945 3769 1019 3862 his,
1048 3776 1105 3864 qui
1128 3773 1217 3845 diiu·

143 3874 214 3952 uio
236 3874 447 3970 perierunt,
472 3871 535 3944 vel
563 3871 608 3944 sb
631 3869 719 3966 nis,
741 3870 802 3963 qui
825 3869 862 3943 in
888 3867 1056 3945 Sodomis
1082 3871 1216 3986 eoelesti

1079 3988 1164 4067 igne
