2825 4559
288 359 353 438 IN
376 359 554 438 EPIST.
582 359 660 436 Ao
686 357 918 442 ROMAN.
943 354 1045 434 LIB.
1073 355 1117 436 X.
1170 373 1243 452 517

176 543 246 617 qua
260 523 332 600 hoc
348 524 461 600 modo
480 522 620 599 scribit:
646 527 768 618 Natam
785 538 889 594 autem
897 520 987 614 focio
1001 517 1242 611 vobis,srotrss,

171 628 310 720 gratiano
330 629 412 712 Dei,
438 650 504 722 queo
528 628 605 696 lata
629 624 669 721 ‘ll
693 627 777 694 milri
803 632 841 693 in
869 623 1011 717 Erulofir's
1035 623 1243 707 Macedonia,

175 731 253 822 quia
279 733 316 794 in
340 726 443 796 multa
464 729 647 820 probatione
668 726 887 796 tribulationis
912 722 1112 794 abundantio
1132 721 1245 814 gaudii

176 848 298 908 eorum,
323 824 362 899 (ὅ
375 825 537 920 profunda
550 842 718 921 paupertas
734 849 838 896 eorum
862 823 1038 894 abundavit
1052 823 1092 892 ad
1106 822 1245 891 divitior

166 924 398 1022 fimplirr'totis.
411 950 536 996 eorum:
561 951 709 1021 quomam
723 927 887 1016 secunlum
901 928 1060 995 uirtutem
1084 920 1243 1018 (testimo-

169 1030 263 1096 nium
280 1024 424 1119 perhibeo
442 1029 509 1118 eis)
534 1026 571 1101 Θ
594 1028 690 1121 supra
717 1031 874 1096 virtutem
894 1026 954 1112 sua
973 1024 1102 1118 sponte,
1127 1021 1243 1092 multis

164 1124 308 1223 precibus
324 1125 516 1215 obsecrantes
529 1151 585 1197 nos
595 1131 736 1218 gratiam
753 1127 791 1202 U
806 1128 1128 1217 communionemque
1142 1123 1186 1211 fit
1203 1126 1240 1192 in

167 1223 312 1314 balias,
337 1225 371 1297 dr
389 1226 536 1318 reliqua.
569 1222 617 1298 Et
633 1225 722 1300 ficut
738 1227 775 1298 in
795 1225 849 1298 his
866 1222 1107 1298 testimonium
1123 1219 1243 1294 reddit

171 1323 462 1417 Macedonibus,
489 1326 538 1398 ita
558 1325 692 1400 rursum
716 1325 931 1399 cohortatur
954 1323 988 1396 dr
1011 1319 1241 1412 Corinthios,

171 1422 316 1498 dicent:
342 1428 404 1496 Sed
412 1425 496 1520 stoue
516 1433 554 1496 in
570 1428 713 1496 omnebus
729 1426 900 1497 abunmtis
908 1425 995 1515 fide,
1017 1420 1054 1496 (i
1070 1422 1182 1507 uerbo,
1200 1421 1241 1494 U

138 1519 321 1619 filontio,
346 1522 387 1602 δ’
409 1526 515 1621 nostra
540 1533 577 1595 in
598 1549 655 1596 vos
677 1525 856 1606 obesitate,
880 1528 929 1595 s'ra
948 1521 987 1600 Θ
1006 1526 1043 1592 in
1057 1522 1117 1591 lrae
1132 1522 1242 1614 gratia

172 1623 358 1711 aleatoris,
386 1621 584 1717 &reliqua
631 1623 706 1720 ,Sed
729 1625 762 1697 de
787 1626 823 1698 in
841 1625 916 1698 aliis
943 1618 1150 1695 collaudans
1168 1616 1244 1692 Co·

172 1721 340 1814 riothios,
359 1723 440 1814 quia
458 1743 540 1819 erga
559 1728 854 1800 communionem
871 1742 1067 1817 pauperum
1085 1717 1244 1812 quisunt

171 1823 211 1894 iu
226 1823 419 1917 Jerusalem
441 1827 600 1918 prompti
620 1824 777 1918 fuerint,
803 1825 911 1897 dicit:
948 1825 996 1896 Et
1020 1821 1178 1914 confilium
1202 1823 1242 1888 in

172 1922 230 1991 lroo
244 1917 302 1992 do':
326 1923 384 2020 loeo
398 1930 482 1993 enim
500 1926 592 1998 vobis
611 1926 754 2020 expedit,
779 1930 834 2021 qui
854 1947 921 1994 non
929 1922 1029 2012 solutu
1041 1920 1166 2013 facere,
1187 1917 1242 2007 sed

170 2019 211 2098 θ’
224 2023 305 2092 volbo
320 2023 445 2116 seopulis
462 2029 500 2097 ab
515 2049 601 2098 anno
611 2028 739 2120 priore:
763 2049 849 2095 nuru
864 2039 971 2096 autem
987 2019 1027 2096 θ’
1039 2017 1242 2115 salio-perri·

168 2125 240 2195 cire.
284 2121 353 2196 Sed
370 2124 404 2194 do
418 2126 454 2197 in
472 2127 617 2217 reliquis
633 2123 762 2198 dehac
780 2124 904 2198 eadem
922 2119 1121 2195 studiorum
1141 2138 1243 2192 com·

169 2221 345 2296 munione
360 2222 608 2316 prosequitur,
636 2222 766 2318 &post
782 2226 962 2317 aliquanta
977 2221 1095 2294 addit:
1123 2221 1244 2290 Doni·

173 2321 301 2414 nilierio
322 2338 449 2401 autem,
473 2327 553 2418 quod
572 2328 621 2414 fit
649 2328 686 2392 s'n
703 2323 854 2412 sanlius,
875 2320 1068 2420 superfluunt
1092 2319 1131 2416 ιβ
1151 2317 1244 2388 nubis

166 2418 314 2509 seribere.
341 2423 412 2489 Soio
426 2426 510 2490 enim
524 2439 701 2517 promptam
718 2425 918 2510 voluntatens
933 2421 1084 2517 verisono,
1107 2440 1164 2515 pro
1178 2439 1245 2512 qua

166 2518 313 2611 gratulor
329 2518 365 2591 lo
381 2518 472 2590 uotis
492 2524 742 2612 Macedonibus,
769 2528 845 2618 quia
866 2525 990 2618 thajo
1012 2536 1129 2615 parato
1145 2517 1186 2612 est
1203 2515 1242 2610 ob

173 2641 261 2689 anno
273 2621 395 2712 priore,
422 2619 461 2693 (5
477 2619 580 2706 asllra
598 2624 756 2694 emulatio
770 2627 953 2718 prouocauit
970 2621 1092 2693 multos.
1127 2613 1243 2713 Quod

172 2729 292 2792 eutem
308 2716 389 2810 post
404 2717 607 2809 hujusmodi
622 2721 853 2796 Macedoniae
873 2721 906 2794 dr
924 2718 1069 2810 Achaiae
1087 2713 1244 2818 ministe·
1313 2743 1323 2762 =

172 2818 290 2907 rium,
315 2818 415 2907 quod
432 2815 474 2890 fit
493 2819 530 2893 in
549 2819 687 2894 sandius
703 2823 762 2914 qui
779 2819 858 2894 lunt
877 2823 913 2894 in
932 2817 1139 2912 Jerusalem,
1155 2834 1244 2907 pro-

172 2914 341 3009 posuiiiet
360 2917 561 3010 Apostolus
589 2921 697 2996 etiam
722 2920 877 2994 Romam
893 2919 1039 3009 videre,
1064 2915 1243 3006 iudicatur

174 3017 211 3088 in
228 3013 379 3089 Altibus
398 3017 662 3111 Apostolorum
677 3021 752 3094 hoe
767 3019 901 3094 modo:
930 3023 1008 3090 Cum
1026 3035 1129 3091 aureas
1144 3013 1245 3110 exple-

175 3129 211 3186 to
226 3116 323 3206 effint
341 3116 423 3204 bae,
448 3119 552 3212 posuit
579 3122 700 3192 Paulus
729 3125 765 3188 in
789 3123 917 3215 Spiritu
934 3117 1062 3208 fasma,
1089 3135 1148 3200 ut,
1172 3138 1243 3184 sune

169 3212 409 3314 perambulaffet
427 3221 648 3290 Macedoniani
665 3217 706 3297 (Ἰ
725 3221 899 3317 Aobojam,
923 3217 1167 3315 proficisceretur
1182 3216 1244 3308 Je-

173 3316 373 3407 rololymant,
399 3318 523 3388 dicens:
550 3325 640 3414 Quia
655 3322 813 3418 postquam
829 3320 921 3409 fuero
937 3317 995 3410 ibi,
1016 3313 1125 3407 neceffe
1141 3314 1180 3409 all
1195 3336 1243 3383 mt

172 3411 214 3494 dt
230 3419 360 3486 Romam
378 3419 499 3488 videre.
530 3417 587 3490 Ex
603 3421 656 3492 his
673 3435 794 3496 autern
813 3419 980 3493 omnibus
1002 3418 1123 3490 verbis
1140 3412 1243 3486 colli·

161 3515 290 3612 ¹gitur,
317 3513 399 3609 quia
425 3537 501 3590 non
527 3517 640 3592 solum
663 3524 778 3610 prima
802 3520 845 3592 ad
866 3517 1102 3608 Corinthios,
1128 3510 1242 3588 sed&

174 3614 330 3688 secunda
360 3629 444 3687 ante
474 3615 600 3710 scripto
628 3617 699 3708 est,
734 3639 838 3714 quam
866 3621 942 3691 huc
967 3617 1011 3689 ad
1031 3617 1242 3703 Romanos,

173 3735 278 3804 quam
294 3715 466 3787 habemus
482 3718 518 3787 in
534 3718 716 3790 munibus:
743 3717 914 3807 simulque
925 3717 1013 3788 illud
1027 3716 1243 3802 advertitur,
1324 3771 1326 3776 .

173 3814 296 3904 quod,
325 3829 463 3902 quanto
482 3814 662 3907 posterior
677 3815 806 3888 Paulus
825 3817 859 3887 in
877 3835 1087 3905 unaquaque
1102 3812 1244 3885 inveni·

172 3927 232 3984 tur
251 3909 422 4007 Epistola,
431 3929 535 3987 tauto
554 3914 817 4009 &perfodiort
844 3927 885 3986 ut
904 3934 1012 3988 vetut
1028 3913 1070 3987 stt
1087 3913 1147 3985 ille
1166 3911 1242 4001 ejus

125 4087 128 4092 .
173 4010 420 4107 sermo,quem
440 4015 553 4112 dixit,
580 4018 662 4112 quia
675 4020 842 4111 preterita
858 4015 1051 4109 obliviscens,
1068 4017 1107 4088 ad
1120 4012 1242 4102 surore

599 4151 603 4156 ·
672 4114 797 4218 ΚΗ
1164 4128 1221 4174 ue
