2825 4559
202 319 284 430 ·9·0-
382 293 681 421 'onicinus
722 323 1131 405 couuou'rau.
1211 309 1243 382 ’-

227 489 317 565 nihil
335 490 455 579 placet
471 489 642 584 intelligi,
670 490 860 579 quomodo
882 502 1062 583 exponat,
1090 488 1188 581 quod
1212 488 1303 565 dicit

227 588 455 683 Apostolus,
490 587 798 664 circumcisionem
823 573 1008 686 prodesse,
1045 591 1194 664 omnino
1218 599 1299 664 non

226 689 402 768 inveniet.
429 688 497 760 Sed
515 710 562 760 ne
579 690 624 761 de
638 687 778 784 singulis
796 689 959 782 quidem,
985 689 1293 780 quaeinseruntur‚

227 790 406 861 ullatenus
423 789 575 861 reddere
590 791 727 882 poterit
743 789 932 864 rationem.
985 788 1178 862 Adversari
1198 786 1295 880 sane,

229 887 265 959 dt
293 908 372 961 cum
399 888 559 960 irrisione
584 886 733 979 quadam
758 890 926 962 innotare
951 887 1070 962 Deum
1092 890 1200 983 legis,
1236 883 1298 977 oui

105 1043 107 1050 ,
220 988 536 1080 circumcisionem
552 989 711 1078 dederit,
738 986 831 1060 solet
847 1008 922 1061 non
940 989 1056 1062 solum
1072 988 1162 1080 ipse,
1190 986 1248 1059 sed
1263 985 1319 1059 ἃ·

135 1094 138 1100 ’
228 1097 355 1160 ornnes
375 1087 569 1176 Haeretici,
597 1088 655 1177 qui
675 1105 782 1159 vetus
800 1085 1072 1160 Testamentum
1092 1087 1297 1179 repudiant,

122 1183 126 1198 '
226 1205 298 1258 nna
324 1207 404 1259 cum
428 1185 652 1277 Gentilibus,
679 1191 740 1278 qui
756 1207 883 1285 omnes
906 1185 1090 1259 aduersum
1108 1185 1226 1259 Deum
1245 1186 1300 1257 les

226 1287 280 1382 gis
298 1287 379 1357 talia
395 1287 551 1376 quedam
571 1288 675 1358 velut
690 1287 861 1359 soederata
877 1284 1144 1359 obtrectatione
1162 1305 1297 1382 conge·

226 1386 375 1460 minant.
427 1384 540 1457 Stoici
563 1387 680 1476 ajunt:
709 1386 851 1458 Indices
872 1387 1001 1474 aliquid
1019 1383 1204 1477 mysticum
1227 1386 1296 1455 cir·

228 1484 418 1575 cumcisio,
438 1483 470 1556 o
488 1481 635 1584 liguram
654 1500 777 1558 teneat
793 1487 1042 1580 allegoricam3
1070 1485 1166 1556 itane
1185 1503 1297 1577 opor·

227 1585 319 1674 tuit,
347 1597 389 1658 ut
410 1603 490 1658 cum
505 1605 610 1676 poena
627 1584 659 1657 dr
677 1586 841 1679 periculo
861 1586 1197 1677 paruulorumcum
1215 1603 1295 1655 cru-

229 1686 380 1755 ciatibus
400 1697 536 1755 tenerae
555 1684 588 1755 ds
609 1684 727 1758 adbuc
743 1686 949 1760 innocentis
965 1684 1144 1774 infantiae,
1170 1679 1298 1778 figura-

132 1812 137 1824 =
226 1778 306 1856 rum
326 1781 459 1875 species
480 1782 515 1854 u
530 1785 617 1880 legis
635 1786 820 1880 enigmata
836 1783 1109 1880 conderentur?
1144 1781 1200 1854 Sic
1217 1801 1296 1855 non

225 1883 382 1956 habebit
401 1883 607 1977 legislator,
634 1885 696 1957 ubi
710 1883 843 1955 formas
861 1882 1025 1976 mysticas
1042 1890 1219 1975 poneret,
1231 1880 1295 1954 nisi

226 1983 263 2055 in
279 1981 562 2056 dedecoratione
574 1984 864 2056 verecundorum
881 1986 1066 2074 locorum3
1093 1981 1206 2053 &Dei
1218 2001 1294 2054 om·

226 2077 428 2173 nipotentis
443 2083 524 2173 leit,
553 2084 749 2174 aeternique
766 2082 965 2155 testamenti
986 2083 1199 2177 signaculum
1218 2100 1297 2154 noti
1321 2096 1323 2102 ·

168 2207 175 2214 ·
226 2180 433 2282 potuitnisi
451 2181 487 2253 ln
503 2180 677 2253 obscoenis
697 2185 938 2256 membrorum
960 2183 1116 2275 partibus
1137 2181 1296 2252 colloca·

227 2279 288 2353 ri?
339 2279 442 2354 Itane
460 2282 580 2353 bonus
598 2279 650 2370 est
668 2281 767 2354 Deus
782 2280 870 2371 iste,
898 2283 957 2372 qui
975 2294 1095 2356 natum
1111 2281 1297 2354 hominem

224 2377 341 2454 statim
367 2381 405 2452 iii
428 2380 550 2471 primis
574 2399 685 2454 novae
702 2383 791 2454 locis
811 2380 971 2474 auspiciis
986 2381 1199 2473 preceperit
1216 2381 1296 2450 vol·

225 2479 374 2572 uetari?
425 2478 474 2551 Et
496 2477 540 2570 si,
566 2494 608 2550 ut
626 2482 733 2553 vobis
750 2482 915 2570 videtur,
941 2480 1013 2572 ipse
1036 2478 1086 2554 est
1110 2479 1142 2550 dr
1168 2479 1299 2551 animab

126 2635 129 2650 .
225 2578 419 2652 creator&
435 2581 624 2670 corporis,
643 2595 704 2652 aut
719 2579 899 2674 superfluo
911 2577 945 2651 se
961 2579 1139 2673 plasmasse
1154 2593 1294 2672 partem

226 2679 322 2754 illam
342 2681 509 2768 corporis
528 2693 661 2768 notat,
687 2702 789 2770 quam
816 2679 1046 2773 postmodum
1068 2678 1212 2752 mandat
1234 2677 1293 2750 ab·

194 2809 197 2814 ·
223 2778 347 2868 scindi,
364 2789 405 2849 ut
422 2798 486 2869 per
503 2777 711 2854 miserorum
731 2778 900 2872 supplicia
916 2781 1103 2871 proprium
1122 2776 1292 2850 emendet

89 2941 92 2946 ,
224 2897 411 2963 errorem3
438 2890 500 2948 aut
525 2878 623 2966 quod
645 2878 840 2952 necessario
867 2877 1056 2949 &utiliter
1075 2875 1186 2967 fecit,
1214 2895 1290 2949 noo

222 2975 320 3049 rede
337 2975 483 3050 mandat
496 2976 638 3052 auferri.
672 2977 770 3050 Tum
788 2991 958 3069 praeterea
977 2977 998 3047 si
1015 2996 1108 3047 curae
1127 2974 1178 3048 est
1192 2974 1292 3062 Deo,

90 3145 94 3154 ,
222 3077 398 3172 plurimos
421 3074 463 3147 ad
484 3076 619 3149 cultum
639 3076 705 3150 suae
721 3078 903 3170 religionis
921 3075 1068 3165 adduci,
1100 3076 1292 3148 maximum

222 3197 268 3249 ex
287 3174 555 3250 circumcisione
573 3174 795 3249 obstaculum
811 3173 976 3245 irascitur.
1004 3174 1094 3247 Cum
1114 3196 1160 3246 eo
1177 3175 1287 3265 enim,

222 3275 322 3367 quod
339 3273 548 3368 supplicium
566 3275 812 3365 uuusquisque
829 3274 1005 3365 declinat,
1032 3290 1107 3346 tum
1127 3273 1231 3346 etiam
1246 3273 1291 3343 ir·

105 3429 111 3438 .
220 3373 387 3448 risionem
403 3372 633 3466 turpitudinis
649 3372 803 3468 refugit:
824 3373 918 3445 unde
934 3376 1043 3467 magis
1060 3374 1290 3466 impedimen·

221 3487 299 3548 tum
317 3475 391 3554 hoc
406 3471 603 3567 religionis,
620 3491 725 3563 quam
744 3472 877 3567 insigne
894 3473 1095 3545 ducendum
1112 3471 1173 3546 est.
1200 3471 1289 3544 Haec

222 3571 256 3647 dt
281 3575 393 3648 inulta
417 3572 473 3644 liis
498 3569 618 3644 similia
640 3572 700 3643 vel
721 3570 885 3646 Gentiles
908 3571 1090 3646 adversum
1109 3570 1289 3666 legislato-

219 3669 828 3764 rem,velHaereticiperstropunt‘:
857 3675 983 3765 quibus
996 3671 1214 3763 respondere
1228 3691 1287 3744 ne·

173 3855 182 3864 ⁸
220 3771 404 3846 cellarium
419 3781 534 3862 puto,
559 3766 617 3843 sed
631 3771 749 3863 primo
769 3772 959 3847 Gentibus.
1007 3769 1131 3848 Nemo
1150 3768 1285 3860 sapiens

221 3891 264 3944 ea
279 3874 315 3944 iii
332 3871 407 3942 aliis
420 3883 540 3960 notat,
552 3889 629 3961 quae
651 3873 744 3964 apud
762 3869 796 3945 se
813 3871 962 3946 honesta
976 3870 1076 3943 ducit
1093 3869 1125 3941 dr
1141 3890 1285 3963 maguae

219 3970 357 4050 etenim
373 3969 597 4045 circumcisio
615 3971 820 4066 apudvos,
838 3993 869 4045 o
885 3971 1070 4052 Gentiles,
1097 3974 1146 4041 ita
1169 3971 1288 4063 magni

144 4081 219 4155 Q
248 4159 252 4168 Ι
315 4081 344 4146 .“
1125 4069 1229 4141 habc-
