2825 4559
276 255 341 351 r‘n
366 270 542 388 erist.
570 271 651 374 nn
675 270 908 350 nonan.
932 270 1038 386 Lm.
1063 270 1161 351 vir.
1215 292 1287 422 ³75

208 456 320 532 pere,
347 434 381 508 ur
401 437 451 510 ob
469 419 543 510 hoc
562 439 798 530 correptione
819 456 861 507 ac
876 435 1089 510 verberibus
1106 435 1284 530 indigere,

208 533 351 611 necesse
368 535 418 609 est
433 555 542 630 ergo,
570 550 619 611 ut
627 537 734 634 eligat
753 557 799 608 ex
817 537 985 630 omnibus
1001 533 1132 627 apta&
1148 537 1191 607 ad
1206 536 1296 609 hoc'

209 613 375 732 ingenia,
401 636 425 709 fi
445 656 514 726 qua
531 639 589 708 illa
606 633 706 722 sunt,
733 637 891 708 atrocius
914 635 1084 726 incitata,
1111 631 1280 728 quemn
1313 683 1315 688 ,

207 737 353 828 quidem
369 738 529 809 motibus
546 735 725 824 ferantur,
753 735 1043 812 emendationem
1071 746 1191 816 tamen
1218 735 1280 808 de·

206 837 451 926 linquentibus
477 832 704 909 necessariam
726 835 930 908 conferant.
982 833 1163 910 Ponamur
1187 855 1278 932 ergo

206 936 270 1008 vel
296 934 581 1032 patremfamilias
605 934 708 1008 illurn
731 937 792 1007 vel
816 955 935 1031 regem
964 931 1102 1007 vidisse
1113 945 1277 1030 tempus,

202 1054 278 1125 quo
304 1027 484 1108 emendari
501 1034 637 1108 debent
656 1036 711 1121 hi,
738 1034 798 1127 qui
822 1047 953 1110 contra
973 1054 1094 1116 mores
1119 1032 1152 1104 δι
1175 1032 1277 1108 disci·
1312 1043 1316 1056 “

201 1134 333 1228 plinam
351 1135 462 1206 multa
481 1133 742 1224 commiserint,
771 1132 967 1230 &elegisse
990 1133 1190 1216 dirissimum
1215 1131 1277 1208 ali·

202 1233 367 1326 qnem,‘&
381 1232 435 1307 his
452 1233 532 1325 ipsis
549 1236 607 1325 qui
626 1234 844 1327 corripiendi
861 1232 941 1312 sunt
956 1233 1072 1308 multo
1088 1233 1276 1330 diriorem,

201 1335 265 1424 qui
283 1353 352 1427 pro
373 1332 564 1406 sceleribus
583 1333 651 1407 suia
665 1334 737 1427 jam
756 1340 831 1408 iton
849 1332 891 1412 su
907 1335 1035 1428 dignus
1055 1331 1297 1423 emendatio?
1336 1372 1340 1380 ·

197 1453 270 1524 ne,
297 1432 355 1510 sed
368 1448 500 1508 morte.
527 1435 671 1507 Volens
688 1452 780 1507 vero
796 1434 980 1508 interitum
998 1434 1074 1525 eius
1092 1434 1135 1506 ad
1154 1454 1276 1512 emen*

202 1531 387 1605 dationem
407 1530 589 1624 proficere
610 1547 847 1651 caeterorum,
869 1534 981 1606 mittit
999 1541 1084 1606 eum
1111 1532 1154 1604 ad
1174 1535 1274 1628 illos',
1333 1625 1337 1633 Ι

199 1652 293 1721 quos
317 1646 435 1706 morte
460 1633 535 1724 ejus
562 1635 694 1730 corrigi
722 1634 842 1728 cupit,
869 1634 1006 1709 &dicit
1024 1633 1077 1705 ei:
1094 1634 1206 1725 Quia
1231 1633 1274 1731 ad

199 1730 257 1801 hoc
269 1731 371 1828 ipsum
389 1747 419 1801 tt
429 1732 608 1822 fuscatam,
634 1751 672 1804 ut
696 1734 888 1828 ostendam
875 1757 912 1803 m
931 1750 962 1805 te
985 1738 1144 1802 virtutem
1161 1757 1271 1821 meam,
1317 1799 1321 1810 ,

197 1829 239 1907 (5
259 1849 295 1902 ut
313 1839 532 1903 annuncietur
554 1857 667 1904 noman
688 1855 789 1905 meum
809 1839 847 1903 in
867 1823 1018 1922 uniuersa
1034 1849 1132 1908 terra
1174 1833 1280 1916 Vide-
1336 1869 1338 1874 ·

197 1931 316 2024 enim,
351 1932 532 2023 quianon
558 1932 666 2006 dixit.
703 1937 794 2026 Quia
817 1934 860 2006 ad
885 1933 959 2007 hoc
981 1930 1093 2024 ipsum
1117 1945 1155 2004 te
1179 1932 1271 2007 ieci:
1303 1982 1307 2004 .

196 2031 357 2126 alioquin
386 2030 429 2102 ad
457 2029 684 2107 conditorem
707 2033 834 2107 referri
852 2034 958 2126 culpa
973 2033 1182 2121 videretur3
1210 2029 1270 2106 sed

196 2129 267 2218 ait:
294 2134 344 2202 Au
359 2131 414 2199 hoc
431 2131 529 2227 ipsum
549 2149 580 2204 ru
590 2133 767 2222 suscitavi:
804 2133 877 2208 hoc
903 2131 978 2224 est,
1004 2148 1045 2204 ut
1071 2151 1136 2223 per
1163 2131 1272 2207 animi

196 2232 253 2304 tui
243 2167 453 2321 malitiam,
470 2251 575 2323 quam
593 2235 658 2307 tibi
673 2233 821 2308 infrenis
840 2233 873 2305 δι
889 2231 962 2305 stne
980 2231 1052 2304 Dei
1069 2233 1202 2307 timore
1218 2223 1273 2304 vi·

194 2332 321 2403 vendo
340 2330 505 2423 quaeststi,
532 2331 595 2404 δι
585 2353 621 2406 rn
640 2334 757 2412 alios
748 2334 927 2428 rrrogetnr
946 2333 1042 2404 utilis
1061 2331 1095 2403 δι
1113 2328 1272 2404 frucluo·

194 2427 231 2504 sa
247 2429 449 2521 coneilio,
473 2431 534 2501 δι
524 2453 562 2503 m
587 2446 623 2505 te
640 2430 770 2527 ipsum
769 2432 810 2503 ad
827 2430 1045 2525 posteritatis
1064 2433 1270 2532 exemplum

196 2527 438 2606 famosissimus
457 2529 693 2604 conseratur
683 2532 863 2605 interitus.
891 2527 1012 2629 Quod
1028 2547 1148 2604 autem
1161 2527 1269 2603 dicit:

201 2631 286 2724 Ergo
302 2655 352 2698 cur
346 2632 445 2700 vult
466 2630 649 2716 miseretur,
674 2636 713 2706 sl
730 2656 820 2727 quem
837 2631 1089 2721 multividum,
1121 2652 1166 2703 ex
1193 2630 1270 2720 his,

196 2749 276 2821 quae
293 2751 329 2802 tn
339 2725 473 2802 Exodo
490 2728 598 2826 script
584 2728 728 2823 tas,unt
739 2731 882 2804 videtur
895 2728 1077 2805 assumere
1104 2727 1156 2801 lbi
1176 2729 1271 2805 enim

196 2825 303 2902 dicit:
332 2831 489 2901 indurabo
510 2856 561 2901 cor
578 2830 786 2915 Pharaonis,
812 2837 864 2900 uli
884 2856 925 2900 ne
945 2817 1091 2900 dimittat
1109 2830 1270 2925 populum.

194 2926 433 3002 Indurabatur
455 2943 573 3004 autem
592 2950 657 3003 cor
671 2931 871 3019 Pharaonis
887 2931 961 3004 hoc
975 2929 1100 3005 modo.
1136 2927 1271 3002 Noluit

196 3026 346 3102 Deus
336 3049 374 3100 rn
403 3050 484 3103 eum
519 3030 667 3120 subitam
705 3033 739 3102 δι
770 3033 912 3123 plenam
948 3030 1032 3103 dare
1066 3027 1271 3103 vindiciam.

199 3128 488 3222 Quamvis-enim
506 3127 594 3202 esset
610 3128 864 3205 consummate
879 3131 1042 3220 malitiae,
1070 3142 1191 3218 tamen
1206 3149 1271 3219 per

197 3224 407 3319 patientiam
424 3226 518 3302 suam
535 3231 637 3302 Deus
658 3251 727 3303 nec
744 3230 804 3322 ipsr
830 3229 1037 3302 facultatem
1061 3227 1271 3312 conversio-

195 3328 251 3400 nis
280 3325 496 3400 excluserat:
524 3329 557 3400 δι
582 3330 666 3401 ideo
686 3330 802 3423 primo
818 3329 1041 3418 lenioribus,
1069 3333 1144 3412 tum
1162 3329 1271 3400 etiam

194 3427 367 3520 paulatim
390 3425 720 3518 ingravescentibus
744 3429 780 3500 in
806 3449 888 3502 eum
910 3429 1121 3510 verberibus
1145 3429 1271 3502 utitur.

196 3525 269 3598 Sed
290 3524 388 3617 quod
407 3524 507 3600 Deus
534 3533 680 3622 gerebat
697 3548 761 3623 per
778 3529 1008 3642 patientiam,
1036 3548 1081 3599 ex
1109 3526 1198 3605 hoc
1207 3527 1269 3598 ille
1304 3595 1340 3618 .,

197 3626 430 3701 indurabatur
451 3625 494 3698 ad
516 3645 587 3698 con
591 3641 790 3721 t‚emptum
821 3650 888 3719 ma]
893 3647 994 3701 orem
1018 3628 1116 3700 sibi
1107 3647 1192 3700 tram
1215 3646 1273 3700 ue·

199 3726 384 3814 condens,
413 3727 519 3799 itaut
537 3726 706 3820 adipsum
727 3728 795 3806 dici
814 3729 1015 3823 conveniat
1034 3727 1143 3818 illud,
1171 3724 1271 3816 quod

200 3823 323 3900 scribit
339 3822 558 3916 Apostolus:
587 3833 641 3898 An
661 3831 796 3897 divitior
811 3829 1012 3902 bonilatire
983 3853 1069 3923 ejus,
1095 3825 1133 3902 ss
1147 3833 1272 3921 parien-

203 3931 274 4020 tia,
302 3923 611 4024 &lotrgouinritotis
631 3933 822 4006 corrtemau,
849 3932 1020 4030 ignorans,
1044 3934 1195 4043 quoniam
1214 3929 1340 4032 pq·

705 4025 821 4127 A'a4
1139 4021 1224 4099 tien·
