<?xml version="1.0" encoding="UTF-8"?>
<!DOCTYPE html PUBLIC "-//W3C//DTD XHTML 1.0 Transitional//EN"
    "http://www.w3.org/TR/xhtml1/DTD/xhtml1-transitional.dtd">
<html xmlns="http://www.w3.org/1999/xhtml" xml:lang="en" lang="en">
 <head>
  <title>
</title>
<meta http-equiv="Content-Type" content="text/html;charset=utf-8" />
  <meta name='ocr-system' content='tesseract 3.04.00' />
  <meta name='ocr-capabilities' content='ocr_page ocr_carea ocr_par ocr_line ocrx_word'/>
</head>
<body>
  <div class='ocr_page' id='page_1' title='image "./operaomniasanct12unkngoog_0324.png"; bbox 0 0 2825 4559; ppageno 0'>
   <div class='ocr_carea' id='block_1_1' title="bbox 112 301 1118 482">
    <p class='ocr_par' dir='ltr' id='par_1_1' title="bbox 112 301 1118 482">
     <span class='ocr_line' id='line_1_1' title="bbox 112 301 1118 482; baseline -0.005 -32"><span class='ocrx_word' id='word_1_1' title='bbox 112 344 137 482; x_wconf 69' lang='lat' dir='ltr'>j</span> <span class='ocrx_word' id='word_1_2' title='bbox 198 367 279 471; x_wconf 52' lang='grc' dir='ltr'>’,ω</span> <span class='ocrx_word' id='word_1_3' title='bbox 375 301 669 445; x_wconf 50' lang='lat' dir='ltr'>xorrrnuuus</span> <span class='ocrx_word' id='word_1_4' title='bbox 708 363 1118 446; x_wconf 73' lang='lat' dir='ltr'>commentum</span> 
     </span>
    </p>
   </div>
   <div class='ocr_carea' id='block_1_2' title="bbox 92 528 1289 4201">
    <p class='ocr_par' dir='ltr' id='par_1_2' title="bbox 208 528 1277 623">
     <span class='ocr_line' id='line_1_2' title="bbox 208 528 1277 623; baseline -0.007 -15"><span class='ocrx_word' id='word_1_5' title='bbox 208 530 248 608; x_wconf 87' lang='lat' dir='ltr'>in</span> <span class='ocrx_word' id='word_1_6' title='bbox 262 529 564 623; x_wconf 82' lang='lat' dir='ltr'>corporemurtir</span> <span class='ocrx_word' id='word_1_7' title='bbox 577 528 768 608; x_wconf 73' lang='lat' dir='ltr'>habitare?</span> <span class='ocrx_word' id='word_1_8' title='bbox 816 529 955 604; x_wconf 88' lang='lat' dir='ltr'>Merito</span> <span class='ocrx_word' id='word_1_9' title='bbox 973 549 1125 620; x_wconf 90' lang='lat' dir='ltr'>namque</span> <span class='ocrx_word' id='word_1_10' title='bbox 1140 546 1277 622; x_wconf 84' lang='lat' dir='ltr'>corpur</span> 
     </span>
    </p>

    <p class='ocr_par' dir='ltr' id='par_1_3' title="bbox 98 627 1282 1322">
     <span class='ocr_line' id='line_1_3' title="bbox 98 627 1278 725; baseline -0.006 -20"><span class='ocrx_word' id='word_1_11' title='bbox 98 674 102 678; x_wconf 89' lang='lat'><em>-</em></span> <span class='ocrx_word' id='word_1_12' title='bbox 211 631 338 712; x_wconf 85' lang='lat' dir='ltr'>mortis</span> <span class='ocrx_word' id='word_1_13' title='bbox 365 631 582 725; x_wconf 74' lang='lat' dir='ltr'>appellatur,</span> <span class='ocrx_word' id='word_1_14' title='bbox 600 632 652 704; x_wconf 91' lang='lat' dir='ltr'>.in</span> <span class='ocrx_word' id='word_1_15' title='bbox 678 650 753 721; x_wconf 90' lang='lat' dir='ltr'>quo</span> <span class='ocrx_word' id='word_1_16' title='bbox 778 629 916 704; x_wconf 88' lang='lat' dir='ltr'>habitat</span> <span class='ocrx_word' id='word_1_17' title='bbox 940 645 1149 723; x_wconf 86' lang='lat' dir='ltr'>peccatum,</span> <span class='ocrx_word' id='word_1_18' title='bbox 1176 627 1278 719; x_wconf 89' lang='lat' dir='ltr'>quod</span> 
     </span>
     <span class='ocr_line' id='line_1_4' title="bbox 210 725 1278 826; baseline -0.004 -23"><span class='ocrx_word' id='word_1_19' title='bbox 210 732 340 812; x_wconf 82' lang='lat' dir='ltr'>mortis</span> <span class='ocrx_word' id='word_1_20' title='bbox 357 726 536 812; x_wconf 52' lang='lat' dir='ltr'>estrctusa.</span> <span class='ocrx_word' id='word_1_21' title='bbox 568 727 628 812; x_wconf 79' lang='lat' dir='ltr'>Fit</span> <span class='ocrx_word' id='word_1_22' title='bbox 641 751 731 826; x_wconf 83' lang='lat' dir='ltr'>ergo</span> <span class='ocrx_word' id='word_1_23' title='bbox 746 731 959 803; x_wconf 81' lang='lat' dir='ltr'>exclamatio</span> <span class='ocrx_word' id='word_1_24' title='bbox 975 732 1050 806; x_wconf 88' lang='lat' dir='ltr'>haec</span> <span class='ocrx_word' id='word_1_25' title='bbox 1066 751 1110 803; x_wconf 87' lang='lat' dir='ltr'>ex</span> <span class='ocrx_word' id='word_1_26' title='bbox 1126 725 1278 824; x_wconf 79' lang='lat' dir='ltr'>persona</span> 
     </span>
     <span class='ocr_line' id='line_1_5' title="bbox 210 826 1280 924; baseline -0.004 -21"><span class='ocrx_word' id='word_1_27' title='bbox 210 831 330 922; x_wconf 83' lang='lat' dir='ltr'>illius,</span> <span class='ocrx_word' id='word_1_28' title='bbox 355 850 463 922; x_wconf 88' lang='lat' dir='ltr'>quem</span> <span class='ocrx_word' id='word_1_29' title='bbox 479 827 581 904; x_wconf 85' lang='lat' dir='ltr'>initia</span> <span class='ocrx_word' id='word_1_30' title='bbox 598 830 741 921; x_wconf 86' lang='lat' dir='ltr'>quidem</span> <span class='ocrx_word' id='word_1_31' title='bbox 757 830 1004 904; x_wconf 76' lang='lat' dir='ltr'>conversionis</span> <span class='ocrx_word' id='word_1_32' title='bbox 1023 826 1196 924; x_wconf 80' lang='lat' dir='ltr'>accepisse</span> <span class='ocrx_word' id='word_1_33' title='bbox 1219 827 1280 900; x_wconf 92' lang='lat' dir='ltr'>de·</span> 
     </span>
     <span class='ocr_line' id='line_1_6' title="bbox 211 925 1281 1022; baseline -0.005 -14"><span class='ocrx_word' id='word_1_34' title='bbox 211 928 334 1008; x_wconf 80' lang='lat' dir='ltr'>scribit</span> <span class='ocrx_word' id='word_1_35' title='bbox 350 925 572 1022; x_wconf 78' lang='lat' dir='ltr'>Apostolus,</span> <span class='ocrx_word' id='word_1_36' title='bbox 597 932 636 1007; x_wconf 89' lang='lat' dir='ltr'>in</span> <span class='ocrx_word' id='word_1_37' title='bbox 659 950 730 1017; x_wconf 79' lang='lat' dir='ltr'>eo,</span> <span class='ocrx_word' id='word_1_38' title='bbox 756 931 855 1020; x_wconf 88' lang='lat' dir='ltr'>quod</span> <span class='ocrx_word' id='word_1_39' title='bbox 879 933 1052 1004; x_wconf 79' lang='lat' dir='ltr'>voluntat</span> <span class='ocrx_word' id='word_1_40' title='bbox 1078 932 1111 1004; x_wconf 88' lang='lat' dir='ltr'>ei</span> <span class='ocrx_word' id='word_1_41' title='bbox 1139 928 1281 1021; x_wconf 73' lang='lat' dir='ltr'>adiacet</span> 
     </span>
     <span class='ocr_line' id='line_1_7' title="bbox 213 1026 1279 1122; baseline -0.006 -16"><span class='ocrx_word' id='word_1_42' title='bbox 213 1030 325 1122; x_wconf 88' lang='lat' dir='ltr'>boni,</span> <span class='ocrx_word' id='word_1_43' title='bbox 353 1028 410 1101; x_wconf 88' lang='lat' dir='ltr'>sed</span> <span class='ocrx_word' id='word_1_44' title='bbox 436 1030 597 1108; x_wconf 87' lang='lat' dir='ltr'>noudum</span> <span class='ocrx_word' id='word_1_45' title='bbox 622 1032 660 1104; x_wconf 92' lang='lat' dir='ltr'>in</span> <span class='ocrx_word' id='word_1_46' title='bbox 685 1028 852 1108; x_wconf 74' lang='lat' dir='ltr'>effectum</span> <span class='ocrx_word' id='word_1_47' title='bbox 877 1032 1022 1105; x_wconf 90' lang='lat' dir='ltr'>venerit</span> <span class='ocrx_word' id='word_1_48' title='bbox 1046 1028 1148 1110; x_wconf 87' lang='lat' dir='ltr'>boni.</span> <span class='ocrx_word' id='word_1_49' title='bbox 1175 1026 1279 1101; x_wconf 87' lang='lat' dir='ltr'>Non</span> 
     </span>
     <span class='ocr_line' id='line_1_8' title="bbox 211 1126 1281 1226; baseline -0.002 -25"><span class='ocrx_word' id='word_1_50' title='bbox 211 1131 308 1212; x_wconf 81' lang='lat' dir='ltr'>enim</span> <span class='ocrx_word' id='word_1_51' title='bbox 331 1130 475 1203; x_wconf 89' lang='lat' dir='ltr'>invenit</span> <span class='ocrx_word' id='word_1_52' title='bbox 497 1126 673 1226; x_wconf 88' lang='lat' dir='ltr'>perficere</span> <span class='ocrx_word' id='word_1_53' title='bbox 696 1132 857 1214; x_wconf 86' lang='lat' dir='ltr'>bonum,</span> <span class='ocrx_word' id='word_1_54' title='bbox 882 1133 965 1224; x_wconf 88' lang='lat' dir='ltr'>quia</span> <span class='ocrx_word' id='word_1_55' title='bbox 983 1129 1146 1226; x_wconf 80' lang='lat' dir='ltr'>nundum</span> <span class='ocrx_word' id='word_1_56' title='bbox 1171 1128 1208 1204; x_wconf 90' lang='lat' dir='ltr'>in</span> <span class='ocrx_word' id='word_1_57' title='bbox 1233 1147 1281 1200; x_wconf 91' lang='lat' dir='ltr'>eo</span> 
     </span>
     <span class='ocr_line' id='line_1_9' title="bbox 211 1226 1282 1322; baseline -0.007 -16"><span class='ocrx_word' id='word_1_58' title='bbox 211 1226 295 1306; x_wconf 77' lang='lat' dir='ltr'>usui</span> <span class='ocrx_word' id='word_1_59' title='bbox 310 1230 517 1305; x_wconf 85' lang='lat' dir='ltr'>inoleverat</span> <span class='ocrx_word' id='word_1_60' title='bbox 535 1231 817 1320; x_wconf 82' lang='lat' dir='ltr'>exercitiumque</span> <span class='ocrx_word' id='word_1_61' title='bbox 833 1233 1022 1312; x_wconf 81' lang='lat' dir='ltr'>virtutum.</span> <span class='ocrx_word' id='word_1_62' title='bbox 1055 1226 1282 1322; x_wconf 81' lang='lat' dir='ltr'>¹Responde·</span> 
     </span>
    </p>

    <p class='ocr_par' dir='ltr' id='par_1_4' title="bbox 144 1328 1282 1630">
     <span class='ocr_line' id='line_1_10' title="bbox 144 1328 1282 1425; baseline -0.009 -20"><span class='ocrx_word' id='word_1_63' title='bbox 144 1345 146 1352; x_wconf 88' lang='lat'>&#39;</span> <span class='ocrx_word' id='word_1_64' title='bbox 211 1329 273 1418; x_wconf 70' lang='lat' dir='ltr'>tur</span> <span class='ocrx_word' id='word_1_65' title='bbox 290 1350 380 1402; x_wconf 87' lang='lat' dir='ltr'>vero</span> <span class='ocrx_word' id='word_1_66' title='bbox 396 1331 429 1402; x_wconf 90' lang='lat' dir='ltr'>ei</span> <span class='ocrx_word' id='word_1_67' title='bbox 444 1328 487 1404; x_wconf 83' lang='lat' dir='ltr'>ad</span> <span class='ocrx_word' id='word_1_68' title='bbox 501 1329 595 1422; x_wconf 85' lang='lat' dir='ltr'>hoc,</span> <span class='ocrx_word' id='word_1_69' title='bbox 617 1330 715 1425; x_wconf 89' lang='lat' dir='ltr'>quod</span> <span class='ocrx_word' id='word_1_70' title='bbox 735 1331 894 1408; x_wconf 78' lang='lat' dir='ltr'>dixerat:</span> <span class='ocrx_word' id='word_1_71' title='bbox 916 1333 1002 1425; x_wconf 77' lang='lat' dir='ltr'>Quis</span> <span class='ocrx_word' id='word_1_72' title='bbox 1018 1354 1064 1400; x_wconf 86' lang='lat' dir='ltr'>me</span> <span class='ocrx_word' id='word_1_73' title='bbox 1080 1329 1230 1402; x_wconf 77' lang='lat' dir='ltr'>liberabit</span> <span class='ocrx_word' id='word_1_74' title='bbox 1246 1328 1282 1396; x_wconf 84' lang='lat' dir='ltr'>de</span> 
     </span>
     <span class='ocr_line' id='line_1_11' title="bbox 211 1421 1282 1526; baseline 0.004 -24"><span class='ocrx_word' id='word_1_75' title='bbox 211 1451 332 1524; x_wconf 77' lang='lat' dir='ltr'>carpam</span> <span class='ocrx_word' id='word_1_76' title='bbox 347 1434 456 1500; x_wconf 79' lang='lat' dir='ltr'>monii</span> <span class='ocrx_word' id='word_1_77' title='bbox 472 1427 596 1526; x_wconf 70' lang='lat' dir='ltr'>nujus?</span> <span class='ocrx_word' id='word_1_78' title='bbox 616 1433 691 1526; x_wconf 89' lang='lat' dir='ltr'>jam</span> <span class='ocrx_word' id='word_1_79' title='bbox 707 1421 783 1509; x_wconf 86' lang='lat' dir='ltr'>hon</span> <span class='ocrx_word' id='word_1_80' title='bbox 803 1452 849 1506; x_wconf 83' lang='lat' dir='ltr'>ex</span> <span class='ocrx_word' id='word_1_81' title='bbox 865 1431 958 1507; x_wconf 82' lang='lat' dir='ltr'>illiue</span> <span class='ocrx_word' id='word_1_82' title='bbox 975 1427 1141 1526; x_wconf 84' lang='lat' dir='ltr'>persona,</span> <span class='ocrx_word' id='word_1_83' title='bbox 1158 1424 1218 1505; x_wconf 88' lang='lat' dir='ltr'>sed</span> <span class='ocrx_word' id='word_1_84' title='bbox 1235 1448 1282 1506; x_wconf 74' lang='lat' dir='ltr'>ex</span> 
     </span>
     <span class='ocr_line' id='line_1_12' title="bbox 210 1526 1282 1630; baseline -0.008 -26"><span class='ocrx_word' id='word_1_85' title='bbox 210 1526 426 1626; x_wconf 67' lang='lat' dir='ltr'>aspostolica</span> <span class='ocrx_word' id='word_1_86' title='bbox 444 1527 676 1608; x_wconf 74' lang='lat' dir='ltr'>auctoritate:</span> <span class='ocrx_word' id='word_1_87' title='bbox 705 1534 824 1614; x_wconf 82' lang='lat' dir='ltr'>Gratia</span> <span class='ocrx_word' id='word_1_88' title='bbox 846 1536 910 1608; x_wconf 85' lang='lat' dir='ltr'>Dei</span> <span class='ocrx_word' id='word_1_89' title='bbox 922 1552 978 1628; x_wconf 78' lang='lat' dir='ltr'>pir</span> <span class='ocrx_word' id='word_1_90' title='bbox 996 1528 1282 1630; x_wconf 68' lang='lat' dir='ltr'>Jesumclurislum</span> 
     </span>
    </p>

    <p class='ocr_par' dir='ltr' id='par_1_5' title="bbox 137 1627 1283 1826">
     <span class='ocr_line' id='line_1_13' title="bbox 137 1627 1283 1726; baseline 0.003 -25"><span class='ocrx_word' id='word_1_91' title='bbox 137 1703 140 1714; x_wconf 74' lang='grc'>,</span> <span class='ocrx_word' id='word_1_92' title='bbox 211 1631 389 1702; x_wconf 83' lang='lat' dir='ltr'>Dominum</span> <span class='ocrx_word' id='word_1_93' title='bbox 404 1631 553 1724; x_wconf 78' lang='lat' dir='ltr'>nostrum.</span> <span class='ocrx_word' id='word_1_94' title='bbox 578 1628 688 1708; x_wconf 83' lang='lat' dir='ltr'>Unde</span> <span class='ocrx_word' id='word_1_95' title='bbox 704 1642 866 1726; x_wconf 83' lang='lat' dir='ltr'>apparet,</span> <span class='ocrx_word' id='word_1_96' title='bbox 883 1630 981 1721; x_wconf 85' lang='lat' dir='ltr'>quod</span> <span class='ocrx_word' id='word_1_97' title='bbox 997 1643 1192 1724; x_wconf 77' lang='lat' dir='ltr'>propterea</span> <span class='ocrx_word' id='word_1_98' title='bbox 1205 1627 1283 1704; x_wconf 82' lang='lat' dir='ltr'>haec</span> 
     </span>
     <span class='ocr_line' id='line_1_14' title="bbox 211 1729 1282 1826; baseline -0.003 -20"><span class='ocrx_word' id='word_1_99' title='bbox 211 1732 335 1820; x_wconf 75' lang='lat' dir='ltr'>emnia</span> <span class='ocrx_word' id='word_1_100' title='bbox 356 1729 537 1825; x_wconf 76' lang='lat' dir='ltr'>descripsit</span> <span class='ocrx_word' id='word_1_101' title='bbox 558 1730 778 1826; x_wconf 78' lang='lat' dir='ltr'>Apostolus,</span> <span class='ocrx_word' id='word_1_102' title='bbox 805 1730 838 1803; x_wconf 81' lang='lat' dir='ltr'>dr</span> <span class='ocrx_word' id='word_1_103' title='bbox 863 1734 976 1823; x_wconf 83' lang='lat' dir='ltr'>mala,</span> <span class='ocrx_word' id='word_1_104' title='bbox 1004 1750 1082 1826; x_wconf 74' lang='lat' dir='ltr'>quae</span> <span class='ocrx_word' id='word_1_105' title='bbox 1098 1731 1192 1802; x_wconf 83' lang='lat' dir='ltr'>intra</span> <span class='ocrx_word' id='word_1_106' title='bbox 1211 1746 1282 1803; x_wconf 83' lang='lat' dir='ltr'>noa</span> 
     </span>
    </p>

    <p class='ocr_par' dir='ltr' id='par_1_6' title="bbox 112 1825 1283 2123">
     <span class='ocr_line' id='line_1_15' title="bbox 112 1825 1283 1926; baseline -0.011 -16"><span class='ocrx_word' id='word_1_107' title='bbox 112 1831 117 1844; x_wconf 87' lang='lat'>&#39;</span> <span class='ocrx_word' id='word_1_108' title='bbox 210 1830 422 1926; x_wconf 75' lang='lat' dir='ltr'>agebantur,</span> <span class='ocrx_word' id='word_1_109' title='bbox 432 1827 622 1922; x_wconf 81' lang='lat' dir='ltr'>exposuit,</span> <span class='ocrx_word' id='word_1_110' title='bbox 648 1843 689 1910; x_wconf 89' lang='lat' dir='ltr'>ut</span> <span class='ocrx_word' id='word_1_111' title='bbox 705 1831 749 1907; x_wconf 84' lang='lat' dir='ltr'>ad</span> <span class='ocrx_word' id='word_1_112' title='bbox 764 1831 928 1909; x_wconf 86' lang='lat' dir='ltr'>ultimum</span> <span class='ocrx_word' id='word_1_113' title='bbox 944 1828 1150 1908; x_wconf 84' lang='lat' dir='ltr'>ostenderet</span> <span class='ocrx_word' id='word_1_114' title='bbox 1168 1825 1202 1905; x_wconf 77' lang='lat' dir='ltr'>dt</span> <span class='ocrx_word' id='word_1_115' title='bbox 1218 1827 1283 1899; x_wconf 92' lang='lat' dir='ltr'>do-</span> 
     </span>
     <span class='ocr_line' id='line_1_16' title="bbox 126 1926 1283 2027; baseline -0.001 -25"><span class='ocrx_word' id='word_1_116' title='bbox 126 2011 130 2020; x_wconf 75' lang='lat'><em>,</em></span> <span class='ocrx_word' id='word_1_117' title='bbox 210 1940 331 2013; x_wconf 86' lang='lat' dir='ltr'>cerer,</span> <span class='ocrx_word' id='word_1_118' title='bbox 356 1929 401 2004; x_wconf 84' lang='lat' dir='ltr'>da</span> <span class='ocrx_word' id='word_1_119' title='bbox 427 1927 568 2024; x_wconf 79' lang='lat' dir='ltr'>quanm</span> <span class='ocrx_word' id='word_1_120' title='bbox 588 1949 659 2004; x_wconf 81' lang='lat' dir='ltr'>not</span> <span class='ocrx_word' id='word_1_121' title='bbox 684 1931 785 2006; x_wconf 83' lang='lat' dir='ltr'>malie</span> <span class='ocrx_word' id='word_1_122' title='bbox 810 1930 845 2011; x_wconf 79' lang='lat' dir='ltr'>dt</span> <span class='ocrx_word' id='word_1_123' title='bbox 871 1930 917 2013; x_wconf 85' lang='lat' dir='ltr'>&lt;le</span> <span class='ocrx_word' id='word_1_124' title='bbox 941 1930 1084 2027; x_wconf 75' lang='lat' dir='ltr'>quantit</span> <span class='ocrx_word' id='word_1_125' title='bbox 1104 1926 1283 2006; x_wconf 80' lang='lat' dir='ltr'>mortium</span> 
     </span>
     <span class='ocr_line' id='line_1_17' title="bbox 212 2026 1283 2123; baseline -0.004 -23"><span class='ocrx_word' id='word_1_126' title='bbox 212 2026 373 2106; x_wconf 78' lang='lat' dir='ltr'>Christus</span> <span class='ocrx_word' id='word_1_127' title='bbox 390 2031 532 2121; x_wconf 83' lang='lat' dir='ltr'>eripuit.</span> <span class='ocrx_word' id='word_1_128' title='bbox 575 2029 689 2123; x_wconf 89' lang='lat' dir='ltr'>Quod</span> <span class='ocrx_word' id='word_1_129' title='bbox 706 2043 826 2108; x_wconf 82' lang='lat' dir='ltr'>autern</span> <span class='ocrx_word' id='word_1_130' title='bbox 843 2030 954 2111; x_wconf 86' lang='lat' dir='ltr'>moris</span> <span class='ocrx_word' id='word_1_131' title='bbox 971 2031 1012 2104; x_wconf 89' lang='lat' dir='ltr'>fit</span> <span class='ocrx_word' id='word_1_132' title='bbox 1031 2029 1068 2104; x_wconf 91' lang='lat' dir='ltr'>in</span> <span class='ocrx_word' id='word_1_133' title='bbox 1088 2026 1283 2121; x_wconf 79' lang='lat' dir='ltr'>Scripturir</span> 
     </span>
    </p>

    <p class='ocr_par' dir='ltr' id='par_1_7' title="bbox 92 2125 1287 2528">
     <span class='ocr_line' id='line_1_18' title="bbox 92 2125 1287 2226; baseline 0.006 -28"><span class='ocrx_word' id='word_1_134' title='bbox 92 2187 96 2198; x_wconf 87' lang='lat'>.</span> <span class='ocrx_word' id='word_1_135' title='bbox 212 2127 347 2206; x_wconf 85' lang='lat' dir='ltr'>diuinis</span> <span class='ocrx_word' id='word_1_136' title='bbox 365 2125 501 2206; x_wconf 76' lang='lat' dir='ltr'>sanetas</span> <span class='ocrx_word' id='word_1_137' title='bbox 515 2127 685 2226; x_wconf 80' lang='lat' dir='ltr'>personae</span> <span class='ocrx_word' id='word_1_138' title='bbox 702 2127 873 2209; x_wconf 81' lang='lat' dir='ltr'>aliumere</span> <span class='ocrx_word' id='word_1_139' title='bbox 887 2143 1143 2224; x_wconf 87' lang='lat' dir='ltr'>peccatorum,</span> <span class='ocrx_word' id='word_1_140' title='bbox 1170 2126 1287 2205; x_wconf 82' lang='lat' dir='ltr'>&amp;ma-</span> 
     </span>
     <span class='ocr_line' id='line_1_19' title="bbox 210 2224 1287 2326; baseline 0.001 -25"><span class='ocrx_word' id='word_1_141' title='bbox 210 2227 339 2326; x_wconf 78' lang='lat' dir='ltr'>gistros</span> <span class='ocrx_word' id='word_1_142' title='bbox 366 2225 540 2324; x_wconf 79' lang='lat' dir='ltr'>suscipere</span> <span class='ocrx_word' id='word_1_143' title='bbox 566 2230 603 2302; x_wconf 92' lang='lat' dir='ltr'>in</span> <span class='ocrx_word' id='word_1_144' title='bbox 627 2226 834 2324; x_wconf 80' lang='lat' dir='ltr'>semetipsos</span> <span class='ocrx_word' id='word_1_145' title='bbox 853 2226 1078 2325; x_wconf 80' lang='lat' dir='ltr'>infirmitates</span> <span class='ocrx_word' id='word_1_146' title='bbox 1096 2224 1287 2320; x_wconf 81' lang='lat' dir='ltr'>discipulo·</span> 
     </span>
     <span class='ocr_line' id='line_1_20' title="bbox 209 2326 1287 2422; baseline -0.006 -20"><span class='ocrx_word' id='word_1_147' title='bbox 209 2348 315 2421; x_wconf 86' lang='lat' dir='ltr'>rum,</span> <span class='ocrx_word' id='word_1_148' title='bbox 337 2350 382 2406; x_wconf 80' lang='lat' dir='ltr'>ex</span> <span class='ocrx_word' id='word_1_149' title='bbox 398 2330 491 2404; x_wconf 83' lang='lat' dir='ltr'>libro</span> <span class='ocrx_word' id='word_1_150' title='bbox 506 2328 651 2421; x_wconf 82' lang='lat' dir='ltr'>quidem</span> <span class='ocrx_word' id='word_1_151' title='bbox 667 2327 883 2408; x_wconf 85' lang='lat' dir='ltr'>Psalmorum</span> <span class='ocrx_word' id='word_1_152' title='bbox 901 2326 1092 2422; x_wconf 82' lang='lat' dir='ltr'>plenissime</span> <span class='ocrx_word' id='word_1_153' title='bbox 1108 2326 1287 2421; x_wconf 75' lang='lat' dir='ltr'>perdoce-</span> 
     </span>
     <span class='ocr_line' id='line_1_21' title="bbox 209 2426 1286 2528; baseline -0.007 -22"><span class='ocrx_word' id='word_1_154' title='bbox 209 2448 312 2522; x_wconf 76' lang='lat' dir='ltr'>mur,</span> <span class='ocrx_word' id='word_1_155' title='bbox 340 2449 422 2506; x_wconf 79' lang='lat' dir='ltr'>cum</span> <span class='ocrx_word' id='word_1_156' title='bbox 440 2427 547 2508; x_wconf 65' lang='lat' dir='ltr'>dicits</span> <span class='ocrx_word' id='word_1_157' title='bbox 573 2431 654 2508; x_wconf 82' lang='lat' dir='ltr'>Nan</span> <span class='ocrx_word' id='word_1_158' title='bbox 669 2431 709 2527; x_wconf 74' lang='lat' dir='ltr'>eli</span> <span class='ocrx_word' id='word_1_159' title='bbox 722 2451 788 2527; x_wconf 78' lang='lat' dir='ltr'>pax</span> <span class='ocrx_word' id='word_1_160' title='bbox 800 2426 915 2528; x_wconf 79' lang='lat' dir='ltr'>affilur</span> <span class='ocrx_word' id='word_1_161' title='bbox 931 2435 1006 2500; x_wconf 82' lang='lat' dir='ltr'>meis</span> <span class='ocrx_word' id='word_1_162' title='bbox 1021 2456 1040 2497; x_wconf 92' lang='lat' dir='ltr'>a</span> <span class='ocrx_word' id='word_1_163' title='bbox 1051 2427 1138 2520; x_wconf 75' lang='lat' dir='ltr'>facie</span> <span class='ocrx_word' id='word_1_164' title='bbox 1147 2441 1286 2523; x_wconf 77' lang='lat' dir='ltr'>peccatu·</span> 
     </span>
    </p>

    <p class='ocr_par' dir='ltr' id='par_1_8' title="bbox 211 2528 1285 2634">
     <span class='ocr_line' id='line_1_22' title="bbox 211 2528 1285 2634; baseline -0.006 -34"><span class='ocrx_word' id='word_1_165' title='bbox 211 2552 286 2602; x_wconf 88' lang='lat' dir='ltr'>rum</span> <span class='ocrx_word' id='word_1_166' title='bbox 306 2554 458 2620; x_wconf 85' lang='lat' dir='ltr'>mearum,</span> <span class='ocrx_word' id='word_1_167' title='bbox 484 2535 562 2627; x_wconf 79' lang='lat' dir='ltr'>quia</span> <span class='ocrx_word' id='word_1_168' title='bbox 575 2535 765 2628; x_wconf 79' lang='lat' dir='ltr'>iniquitates</span> <span class='ocrx_word' id='word_1_169' title='bbox 782 2531 981 2634; x_wconf 74' lang='lat' dir='ltr'>superpafite</span> <span class='ocrx_word' id='word_1_170' title='bbox 997 2528 1077 2618; x_wconf 87' lang='lat' dir='ltr'>sunt</span> <span class='ocrx_word' id='word_1_171' title='bbox 1091 2533 1193 2622; x_wconf 85' lang='lat' dir='ltr'>capiri</span> <span class='ocrx_word' id='word_1_172' title='bbox 1208 2551 1285 2611; x_wconf 80' lang='lat' dir='ltr'>meo,</span> 
     </span>
    </p>

    <p class='ocr_par' dir='ltr' id='par_1_9' title="bbox 113 2627 1286 2827">
     <span class='ocr_line' id='line_1_23' title="bbox 113 2627 1284 2732; baseline -0.008 -25"><span class='ocrx_word' id='word_1_173' title='bbox 113 2629 115 2634; x_wconf 71' lang='grc'><strong>’</strong></span> <span class='ocrx_word' id='word_1_174' title='bbox 209 2627 342 2726; x_wconf 68' lang='lat' dir='ltr'>&amp;ficut</span> <span class='ocrx_word' id='word_1_175' title='bbox 358 2656 436 2702; x_wconf 89' lang='lat' dir='ltr'>anus</span> <span class='ocrx_word' id='word_1_176' title='bbox 449 2646 698 2730; x_wconf 72' lang='lat' dir='ltr'>grauegrauata</span> <span class='ocrx_word' id='word_1_177' title='bbox 709 2631 789 2720; x_wconf 83' lang='lat' dir='ltr'>sunt</span> <span class='ocrx_word' id='word_1_178' title='bbox 800 2632 893 2732; x_wconf 72' lang='lat' dir='ltr'>[uper</span> <span class='ocrx_word' id='word_1_179' title='bbox 907 2655 964 2709; x_wconf 85' lang='lat' dir='ltr'>me.</span> <span class='ocrx_word' id='word_1_180' title='bbox 1010 2632 1284 2730; x_wconf 82' lang='lat' dir='ltr'>computruerunt</span> 
     </span>
     <span class='ocr_line' id='line_1_24' title="bbox 210 2725 1286 2827; baseline -0.007 -25"><span class='ocrx_word' id='word_1_181' title='bbox 210 2732 251 2808; x_wconf 68' lang='grc' dir='ltr'><strong><em>Θ</em></strong></span> <span class='ocrx_word' id='word_1_182' title='bbox 270 2734 361 2820; x_wconf 80' lang='lat' dir='ltr'>exesa</span> <span class='ocrx_word' id='word_1_183' title='bbox 373 2733 454 2817; x_wconf 84' lang='lat' dir='ltr'>sunt</span> <span class='ocrx_word' id='word_1_184' title='bbox 469 2735 630 2818; x_wconf 70' lang='lat' dir='ltr'>cicatrices</span> <span class='ocrx_word' id='word_1_185' title='bbox 646 2754 717 2808; x_wconf 76' lang='lat' dir='ltr'>mea</span> <span class='ocrx_word' id='word_1_186' title='bbox 731 2729 850 2824; x_wconf 78' lang='lat' dir='ltr'>aferic</span> <span class='ocrx_word' id='word_1_187' title='bbox 867 2732 1053 2827; x_wconf 78' lang='lat' dir='ltr'>infipientr&#39;ae</span> <span class='ocrx_word' id='word_1_188' title='bbox 1067 2753 1150 2806; x_wconf 78' lang='lat' dir='ltr'>mea.</span> <span class='ocrx_word' id='word_1_189' title='bbox 1180 2725 1286 2815; x_wconf 71' lang='lat' dir='ltr'>Mise-</span> 
     </span>
    </p>

    <p class='ocr_par' dir='ltr' id='par_1_10' title="bbox 209 2824 1288 2925">
     <span class='ocr_line' id='line_1_25' title="bbox 209 2824 1288 2925; baseline -0.007 -20"><span class='ocrx_word' id='word_1_190' title='bbox 209 2836 275 2905; x_wconf 82' lang='lat' dir='ltr'>riis.</span> <span class='ocrx_word' id='word_1_191' title='bbox 289 2828 436 2922; x_wconf 76' lang='lat' dir='ltr'>afflil&#39;lur</span> <span class='ocrx_word' id='word_1_192' title='bbox 453 2830 539 2919; x_wconf 82' lang='lat' dir='ltr'>sum,</span> <span class='ocrx_word' id='word_1_193' title='bbox 555 2827 595 2908; x_wconf 71' lang='lat' dir='ltr'>(l</span> <span class='ocrx_word' id='word_1_194' title='bbox 611 2847 763 2903; x_wconf 83' lang='lat' dir='ltr'>curvatur</span> <span class='ocrx_word' id='word_1_195' title='bbox 772 2832 845 2919; x_wconf 74' lang='lat' dir='ltr'>lum</span> <span class='ocrx_word' id='word_1_196' title='bbox 861 2833 955 2925; x_wconf 77' lang='lat' dir='ltr'>iusque</span> <span class='ocrx_word' id='word_1_197' title='bbox 971 2838 1009 2905; x_wconf 88' lang='lat' dir='ltr'>in</span> <span class='ocrx_word' id='word_1_198' title='bbox 1024 2832 1140 2923; x_wconf 68' lang='lat' dir='ltr'>tinem,</span> <span class='ocrx_word' id='word_1_199' title='bbox 1166 2824 1200 2904; x_wconf 69' lang='lat' dir='ltr'>dl</span> <span class='ocrx_word' id='word_1_200' title='bbox 1219 2846 1288 2900; x_wconf 82' lang='lat' dir='ltr'>cae·</span> 
     </span>
    </p>

    <p class='ocr_par' dir='ltr' id='par_1_11' title="bbox 121 2924 1288 3126">
     <span class='ocr_line' id='line_1_26' title="bbox 121 2924 1288 3030; baseline -0.002 -25"><span class='ocrx_word' id='word_1_201' title='bbox 121 3016 126 3030; x_wconf 33' lang='grc' dir='ltr'><em>Ι</em></span> <span class='ocrx_word' id='word_1_202' title='bbox 208 2944 304 3022; x_wconf 75' lang='lat' dir='ltr'>terr,</span> <span class='ocrx_word' id='word_1_203' title='bbox 320 2932 447 3022; x_wconf 82' lang='lat' dir='ltr'>quibus</span> <span class='ocrx_word' id='word_1_204' title='bbox 465 2950 561 3022; x_wconf 87' lang='lat' dir='ltr'>pene</span> <span class='ocrx_word' id='word_1_205' title='bbox 577 2930 718 3026; x_wconf 80' lang='lat' dir='ltr'>integer</span> <span class='ocrx_word' id='word_1_206' title='bbox 734 2931 793 3010; x_wconf 86' lang='lat' dir='ltr'>hic.</span> <span class='ocrx_word' id='word_1_207' title='bbox 807 2931 971 3008; x_wconf 84' lang='lat' dir='ltr'>scribitur</span> <span class='ocrx_word' id='word_1_208' title='bbox 989 2928 1155 3008; x_wconf 80' lang='lat' dir='ltr'>Psalmus.</span> <span class='ocrx_word' id='word_1_209' title='bbox 1171 2924 1288 3023; x_wconf 84' lang='lat' dir='ltr'>Quod</span> 
     </span>
     <span class='ocr_line' id='line_1_27' title="bbox 207 3024 1288 3126; baseline -0.009 -19"><span class='ocrx_word' id='word_1_210' title='bbox 207 3030 351 3107; x_wconf 83' lang='lat' dir='ltr'>slforte</span> <span class='ocrx_word' id='word_1_211' title='bbox 371 3030 476 3103; x_wconf 84' lang='lat' dir='ltr'>alicui</span> <span class='ocrx_word' id='word_1_212' title='bbox 494 3028 699 3121; x_wconf 86' lang='lat' dir='ltr'>videbitur,</span> <span class='ocrx_word' id='word_1_213' title='bbox 726 3030 804 3108; x_wconf 84' lang='lat' dir='ltr'>haec</span> <span class='ocrx_word' id='word_1_214' title='bbox 821 3029 943 3108; x_wconf 83' lang='lat' dir='ltr'>David</span> <span class='ocrx_word' id='word_1_215' title='bbox 965 3031 1075 3126; x_wconf 81' lang='lat' dir='ltr'>magis</span> <span class='ocrx_word' id='word_1_216' title='bbox 1095 3029 1139 3104; x_wconf 89' lang='lat' dir='ltr'>de</span> <span class='ocrx_word' id='word_1_217' title='bbox 1157 3024 1288 3112; x_wconf 81' lang='lat' dir='ltr'>semet·</span> 
     </span>
    </p>

    <p class='ocr_par' dir='ltr' id='par_1_12' title="bbox 131 3127 1289 3425">
     <span class='ocr_line' id='line_1_28' title="bbox 131 3127 1285 3225; baseline -0.003 -18"><span class='ocrx_word' id='word_1_218' title='bbox 131 3160 134 3164; x_wconf 90' lang='lat'>·</span> <span class='ocrx_word' id='word_1_219' title='bbox 207 3130 288 3224; x_wconf 89' lang='lat' dir='ltr'>ipso</span> <span class='ocrx_word' id='word_1_220' title='bbox 303 3151 372 3224; x_wconf 90' lang='lat' dir='ltr'>pro</span> <span class='ocrx_word' id='word_1_221' title='bbox 389 3129 457 3221; x_wconf 81' lang='lat' dir='ltr'>hie,</span> <span class='ocrx_word' id='word_1_222' title='bbox 469 3148 547 3221; x_wconf 87' lang='lat' dir='ltr'>quae</span> <span class='ocrx_word' id='word_1_223' title='bbox 561 3129 766 3206; x_wconf 85' lang='lat' dir='ltr'>acciderant</span> <span class='ocrx_word' id='word_1_224' title='bbox 782 3130 958 3222; x_wconf 85' lang='lat' dir='ltr'>ei,dicere</span> <span class='ocrx_word' id='word_1_225' title='bbox 973 3127 1150 3225; x_wconf 83' lang='lat' dir='ltr'>potuilse‚</span> <span class='ocrx_word' id='word_1_226' title='bbox 1165 3146 1285 3222; x_wconf 52' lang='lat' dir='ltr'>*quam</span> 
     </span>
     <span class='ocr_line' id='line_1_29' title="bbox 209 3229 1289 3322; baseline -0.011 -14"><span class='ocrx_word' id='word_1_227' title='bbox 209 3234 257 3309; x_wconf 87' lang='lat' dir='ltr'>de</span> <span class='ocrx_word' id='word_1_228' title='bbox 280 3234 374 3317; x_wconf 85' lang='lat' dir='ltr'>aliis,</span> <span class='ocrx_word' id='word_1_229' title='bbox 402 3230 487 3322; x_wconf 90' lang='lat' dir='ltr'>quid</span> <span class='ocrx_word' id='word_1_230' title='bbox 504 3230 611 3306; x_wconf 79' lang='lat' dir='ltr'>etiam</span> <span class='ocrx_word' id='word_1_231' title='bbox 630 3229 676 3308; x_wconf 83' lang='lat' dir='ltr'>de</span> <span class='ocrx_word' id='word_1_232' title='bbox 695 3229 847 3308; x_wconf 77' lang='lat' dir='ltr'>Daniele</span> <span class='ocrx_word' id='word_1_233' title='bbox 868 3231 1049 3318; x_wconf 78' lang='lat' dir='ltr'>dicemus,</span> <span class='ocrx_word' id='word_1_234' title='bbox 1076 3229 1179 3321; x_wconf 84' lang='lat' dir='ltr'>cujus</span> <span class='ocrx_word' id='word_1_235' title='bbox 1204 3244 1289 3318; x_wconf 85' lang='lat' dir='ltr'>pec·</span> 
     </span>
     <span class='ocr_line' id='line_1_30' title="bbox 210 3326 1287 3425; baseline -0.006 -19"><span class='ocrx_word' id='word_1_236' title='bbox 210 3346 332 3408; x_wconf 86' lang='lat' dir='ltr'>catum</span> <span class='ocrx_word' id='word_1_237' title='bbox 349 3329 491 3425; x_wconf 89' lang='lat' dir='ltr'>quidem</span> <span class='ocrx_word' id='word_1_238' title='bbox 507 3329 646 3404; x_wconf 89' lang='lat' dir='ltr'>nullum</span> <span class='ocrx_word' id='word_1_239' title='bbox 660 3330 836 3420; x_wconf 82' lang='lat' dir='ltr'>refertur,</span> <span class='ocrx_word' id='word_1_240' title='bbox 857 3326 1148 3425; x_wconf 81' lang='lat' dir='ltr'>exhomologeis</span> <span class='ocrx_word' id='word_1_241' title='bbox 1165 3340 1287 3405; x_wconf 86' lang='lat' dir='ltr'>tamen</span> 
     </span>
    </p>

    <p class='ocr_par' dir='ltr' id='par_1_13' title="bbox 205 3425 1287 3832">
     <span class='ocr_line' id='line_1_31' title="bbox 207 3425 1287 3526; baseline -0.008 -19"><span class='ocrx_word' id='word_1_242' title='bbox 207 3436 248 3508; x_wconf 90' lang='lat' dir='ltr'>in</span> <span class='ocrx_word' id='word_1_243' title='bbox 259 3434 403 3526; x_wconf 75' lang='lat' dir='ltr'>iejuniis</span> <span class='ocrx_word' id='word_1_244' title='bbox 419 3429 453 3502; x_wconf 75' lang='grc' dir='ltr'>δι</span> <span class='ocrx_word' id='word_1_245' title='bbox 471 3428 593 3502; x_wconf 88' lang='lat' dir='ltr'>cilicio</span> <span class='ocrx_word' id='word_1_246' title='bbox 609 3429 644 3501; x_wconf 85' lang='lat' dir='ltr'>dr</span> <span class='ocrx_word' id='word_1_247' title='bbox 660 3432 781 3507; x_wconf 88' lang='lat' dir='ltr'>tinere</span> <span class='ocrx_word' id='word_1_248' title='bbox 797 3426 1022 3519; x_wconf 84' lang='lat' dir='ltr'>describitur,</span> <span class='ocrx_word' id='word_1_249' title='bbox 1036 3428 1069 3502; x_wconf 83' lang='lat' dir='ltr'>dr</span> <span class='ocrx_word' id='word_1_250' title='bbox 1084 3428 1205 3504; x_wconf 82' lang='lat' dir='ltr'>oratio</span> <span class='ocrx_word' id='word_1_251' title='bbox 1222 3425 1287 3498; x_wconf 84' lang='lat' dir='ltr'>hu·</span> 
     </span>
     <span class='ocr_line' id='line_1_32' title="bbox 205 3527 1286 3630; baseline -0.011 -22"><span class='ocrx_word' id='word_1_252' title='bbox 205 3533 389 3630; x_wconf 76' lang='lat' dir='ltr'>jusmodi,</span> <span class='ocrx_word' id='word_1_253' title='bbox 416 3530 454 3607; x_wconf 87' lang='lat' dir='ltr'>iu</span> <span class='ocrx_word' id='word_1_254' title='bbox 471 3549 538 3621; x_wconf 80' lang='lat' dir='ltr'>qua</span> <span class='ocrx_word' id='word_1_255' title='bbox 560 3529 655 3606; x_wconf 87' lang='lat' dir='ltr'>inter</span> <span class='ocrx_word' id='word_1_256' title='bbox 671 3544 801 3611; x_wconf 77' lang='lat' dir='ltr'>cetera</span> <span class='ocrx_word' id='word_1_257' title='bbox 821 3532 929 3605; x_wconf 84' lang='lat' dir='ltr'>etiam</span> <span class='ocrx_word' id='word_1_258' title='bbox 944 3528 1021 3606; x_wconf 82' lang='lat' dir='ltr'>haec</span> <span class='ocrx_word' id='word_1_259' title='bbox 1043 3527 1148 3604; x_wconf 82' lang='lat' dir='ltr'>dicit:</span> <span class='ocrx_word' id='word_1_260' title='bbox 1180 3529 1286 3597; x_wconf 73' lang='lat' dir='ltr'>l’ecca·</span> 
     </span>
     <span class='ocr_line' id='line_1_33' title="bbox 208 3628 1286 3733; baseline -0.009 -29"><span class='ocrx_word' id='word_1_261' title='bbox 208 3641 334 3726; x_wconf 73' lang='lat' dir='ltr'>ulmus,</span> <span class='ocrx_word' id='word_1_262' title='bbox 348 3635 552 3727; x_wconf 82' lang='lat' dir='ltr'>iniquitatem</span> <span class='ocrx_word' id='word_1_263' title='bbox 565 3628 713 3718; x_wconf 73' lang='lat' dir='ltr'>fecimus,</span> <span class='ocrx_word' id='word_1_264' title='bbox 728 3630 842 3733; x_wconf 67' lang='lat' dir='ltr'>injuste</span> <span class='ocrx_word' id='word_1_265' title='bbox 858 3637 983 3722; x_wconf 77' lang='lat' dir='ltr'>egimus,</span> <span class='ocrx_word' id='word_1_266' title='bbox 1000 3631 1191 3724; x_wconf 81' lang='lat' dir='ltr'>impietatem</span> <span class='ocrx_word' id='word_1_267' title='bbox 1206 3648 1286 3696; x_wconf 78' lang='lat' dir='ltr'>cam·</span> 
     </span>
     <span class='ocr_line' id='line_1_34' title="bbox 208 3726 1286 3832; baseline -0.007 -27"><span class='ocrx_word' id='word_1_268' title='bbox 208 3735 367 3832; x_wconf 81' lang='lat' dir='ltr'>mifimue‚</span> <span class='ocrx_word' id='word_1_269' title='bbox 392 3731 432 3816; x_wconf 76' lang='lat'>(5</span> <span class='ocrx_word' id='word_1_270' title='bbox 445 3726 652 3826; x_wconf 78' lang='lat' dir='ltr'>liseeffimur,</span> <span class='ocrx_word' id='word_1_271' title='bbox 677 3729 717 3810; x_wconf 63' lang='grc' dir='ltr'>(Ἰ</span> <span class='ocrx_word' id='word_1_272' title='bbox 740 3733 970 3808; x_wconf 75' lang='lat' dir='ltr'>declinavimus</span> <span class='ocrx_word' id='word_1_273' title='bbox 990 3757 1011 3801; x_wconf 88' lang='lat' dir='ltr'>a</span> <span class='ocrx_word' id='word_1_274' title='bbox 1031 3729 1191 3804; x_wconf 80' lang='lat' dir='ltr'>mandatis</span> <span class='ocrx_word' id='word_1_275' title='bbox 1216 3730 1286 3798; x_wconf 85' lang='lat' dir='ltr'>tuis</span> 
     </span>
    </p>

    <p class='ocr_par' dir='ltr' id='par_1_14' title="bbox 207 3825 1285 3933">
     <span class='ocr_line' id='line_1_35' title="bbox 207 3825 1285 3933; baseline -0.011 -25"><span class='ocrx_word' id='word_1_276' title='bbox 207 3831 249 3916; x_wconf 69' lang='lat'>(5</span> <span class='ocrx_word' id='word_1_277' title='bbox 263 3864 282 3908; x_wconf 92' lang='lat' dir='ltr'>a</span> <span class='ocrx_word' id='word_1_278' title='bbox 292 3835 425 3933; x_wconf 82' lang='lat' dir='ltr'>judiciis</span> <span class='ocrx_word' id='word_1_279' title='bbox 444 3835 529 3919; x_wconf 86' lang='lat' dir='ltr'>tuie,</span> <span class='ocrx_word' id='word_1_280' title='bbox 554 3828 593 3908; x_wconf 75' lang='lat' dir='ltr'>si</span> <span class='ocrx_word' id='word_1_281' title='bbox 608 3856 676 3904; x_wconf 89' lang='lat' dir='ltr'>nan</span> <span class='ocrx_word' id='word_1_282' title='bbox 691 3832 876 3906; x_wconf 82' lang='lat' dir='ltr'>audivimus</span> <span class='ocrx_word' id='word_1_283' title='bbox 886 3831 994 3921; x_wconf 83' lang='lat' dir='ltr'>sernas</span> <span class='ocrx_word' id='word_1_284' title='bbox 1009 3846 1077 3900; x_wconf 88' lang='lat' dir='ltr'>tuas</span> <span class='ocrx_word' id='word_1_285' title='bbox 1097 3825 1285 3923; x_wconf 75' lang='lat' dir='ltr'>Prophetas,</span> 
     </span>
    </p>

    <p class='ocr_par' dir='ltr' id='par_1_15' title="bbox 148 3924 1285 4201">
     <span class='ocr_line' id='line_1_36' title="bbox 148 3924 1285 4035; baseline -0.008 -31"><span class='ocrx_word' id='word_1_286' title='bbox 148 3951 154 3966; x_wconf 87' lang='grc'><strong>’</strong></span> <span class='ocrx_word' id='word_1_287' title='bbox 206 3941 265 4035; x_wconf 76' lang='lat' dir='ltr'>qui</span> <span class='ocrx_word' id='word_1_288' title='bbox 279 3935 487 4033; x_wconf 81' lang='lat' dir='ltr'>loquebantur</span> <span class='ocrx_word' id='word_1_289' title='bbox 501 3930 588 4001; x_wconf 80' lang='lat' dir='ltr'>nubis</span> <span class='ocrx_word' id='word_1_290' title='bbox 605 3937 643 4002; x_wconf 91' lang='lat' dir='ltr'>in</span> <span class='ocrx_word' id='word_1_291' title='bbox 661 3936 878 4018; x_wconf 82' lang='lat' dir='ltr'>nominetur,</span> <span class='ocrx_word' id='word_1_292' title='bbox 906 3932 943 4007; x_wconf 70' lang='lat' dir='ltr'><em>U</em></span> <span class='ocrx_word' id='word_1_293' title='bbox 962 3930 1102 4023; x_wconf 81' lang='lat' dir='ltr'>regilus,</span> <span class='ocrx_word' id='word_1_294' title='bbox 1127 3924 1167 4004; x_wconf 64' lang='grc'><strong><em>6</em></strong></span> <span class='ocrx_word' id='word_1_295' title='bbox 1187 3930 1285 4021; x_wconf 84' lang='lat' dir='ltr'>prin·</span> 
     </span>
     <span class='ocr_line' id='line_1_37' title="bbox 190 4028 1284 4201; baseline -0.014 -85"><span class='ocrx_word' id='word_1_296' title='bbox 190 4035 469 4145; x_wconf 62' lang='lat' dir='ltr'>intimenius,</span> <span class='ocrx_word' id='word_1_297' title='bbox 498 4030 539 4122; x_wconf 58' lang='lat' dir='ltr'><em>v</em></span> <span class='ocrx_word' id='word_1_298' title='bbox 547 4032 699 4143; x_wconf 78' lang='lat' dir='ltr'>patribus</span> <span class='ocrx_word' id='word_1_299' title='bbox 716 4032 854 4143; x_wconf 68' lang='lat' dir='ltr'>nolluit,</span> <span class='ocrx_word' id='word_1_300' title='bbox 877 4029 916 4116; x_wconf 72' lang='grc' dir='ltr'>(τ</span> <span class='ocrx_word' id='word_1_301' title='bbox 938 4034 1024 4106; x_wconf 88' lang='lat' dir='ltr'>amni</span> <span class='ocrx_word' id='word_1_302' title='bbox 1048 4028 1154 4132; x_wconf 75' lang='lat' dir='ltr'>popule</span> <span class='ocrx_word' id='word_1_303' title='bbox 1178 4041 1284 4201; x_wconf 50' lang='lat' dir='ltr'>rige.</span> 
     </span>
    </p>
   </div>
   <div class='ocr_carea' id='block_1_3' title="bbox 0 0 1418 4559">
    <p class='ocr_par' dir='ltr' id='par_1_16' title="bbox 0 0 1418 4559">
     <span class='ocr_line' id='line_1_38' title="bbox 0 0 1418 4559; baseline 0 0"><span class='ocrx_word' id='word_1_304' title='bbox 0 0 1418 4559; x_wconf 95' lang='lat' dir='ltr'> </span> 
     </span>
    </p>
   </div>
  </div>
 </body>
</html>
