2825 4559
107 401 118 426 ,
197 327 267 421 nr
339 303 653 398 'oratorum
693 293 1099 398 cour‘uuurau.
1135 313 1150 356 ·-

199 488 396 567 virtutibus
423 469 642 562 velitibus
669 479 758 577 suis,
790 479 849 555 sed
876 483 1085 576 apertisime
1111 499 1271 576 pronun·

138 635 162 654 «ι
202 587 408 666 cientem&
427 586 629 659 dicentem:
663 587 733 676 Qui
746 584 926 676 gloriatur,
953 593 991 653 r'rr
1012 587 1149 655 Domina
1161 586 1271 675 glorie·

202 709 271 767 rur.
313 681 361 759 Et
378 686 427 759 sie
449 679 590 757 exclusa
604 681 656 756 est
669 683 822 779 Jud-aica·
832 677 1022 780 gloriatio,
1048 703 1126 756 non
1140 704 1203 773 per
1222 685 1273 778 ie·

203 783 559 892 gem'operum‚''sed
575 803 639 877 per
657 787 773 879 legem
783 781 892 876 srdei,
919 805 996 874 quae
1014 782 1064 857 est
1079 785 1115 855 in
1130 781 1273 856 Christo

207 888 312 988 jesu,
338 890 375 960 in
393 886 494 977 cujur
510 899 620 957 cruce
633 885 806 977 gloriatur
822 882 1032 977 Apostolus.
1066 885 1157 981 Quis
1178 888 1272 956 enirn

206 988 304 1066 reite
322 988 383 1060 vei
400 983 502 1079 super
518 981 679 1057 castitate
696 981 755 1057 sua
770 984 993 1081 gloriabitur,
1009 1003 1089 1056 cum
1105 980 1271 1077 scriptum

206 1075 328 1185 legat‘,
355 1086 482 1182 quiafi
508 1093 580 1183 quir
600 1084 757 1180 aspexerit
774 1085 933 1155 mulierem
958 1084 1275 1180 adcrncupiscandam

206 1215 296 1276 eam,
318 1192 389 1287 jam
407 1186 576 1258 mechatus
590 1185 630 1282 ‘fi
650 1190 767 1260 eumin
785 1186 871 1256 carde
880 1178 965 1273 suo?
1013 1181 1123 1255 Unde
1138 1184 1171 1256 dr
1188 1175 1275 1256 Pru·

120 1308 123 1332 ¹
208 1279 322 1388 pheta
339 1287 446 1360 dicit:
484 1286 643 1379 Quomodo
663 1286 853 1377 gloriabitur
880 1291 949 1380 quis
975 1284 1139 1380 coflumfe
1162 1285 1277 1357 baim

209 1385 287 1463 rari
310 1389 401 1472 3Aut
420 1386 498 1479 quir
514 1385 726 1483 gloriabitur
741 1383 1049 1479 supersapientia,
1076 1377 1279 1477 cumscrip-

211 1489 455 1578 tum-videar,
491 1483 729 1579 quia'mrmdur
751 1505 808 1584 par
825 1483 1016 1582 sapientium
1042 1509 1107 1553 non
1131 1491 1280 1578 cognovit

99 1585 102 1590 ’
159 1582 162 1586 ’
214 1595 340 1663 Deum:
367 1590 406 1662 (i
424 1590 488 1657 ideo
499 1589 622 1683 placuit
637 1591 701 1659 Der
713 1609 771 1683 par
782 1588 958 1683 stultitiam
976 1587 1204 1679 predicationis
1212 1587 1279 1675 sai·

212 1715 270 1762 uas
283 1689 393 1784 sarcre
410 1683 591 1758 credentes?
624 1687 658 1759 dt
681 1689 843 1760 iterumr'
857 1690 938 1780 Qua
947 1687 1048 1782 fluiter
1060 1685 1138 1774 fiant
1156 1691 1280 1774 mundi,

191 1777 196 1794 ’
215 1787 435 1884 uirgir'Daus,
462 1804 500 1857 ur
512 1786 690 1876 confundar
700 1785 884 1882 sapientes?
910 1789 1002 1885 Quis
1019 1799 1137 1862 autern
1154 1787 1213 1859 vel
1231 1785 1284 1859 su·

215 1887 442 1984 per-justitia
466 1885 525 1960 sua
552 1883 766 1982 gloriabitur
777 1887 790 1975 3'
825 1889 906 1960 crir'n
929 1889 1050 1959 audiat
1067 1885 1191 1960 Deum
1216 1907 1283 1981 per

215 1989 435 2081 Propheram
465 1987 665 2081 dicentem,
700 1990 781 2077 quia
805 1993 909 2058 amaris
930 1987 1058 2084 justitia
1081 1985 1184 2082 vestra
1199 1987 1285 2081 ficut

190 2157 192 2161 ,
213 2111 339 2188 pannus
358 2089 501 2157 mulieris
516 2082 734 2183 menstruata?
784 2086 869 2159 sola
885 2090 993 2182 igitur
1010 2083 1287 2181 justa'giorietio
1310 2141 1314 2150 -

209 2188 272 2278 est
293 2190 331 2262 irr
352 2184 426 2260 fide
448 2188 568 2262 crueie
584 2186 732 2279 Christi,
759 2208 836 2278 qua
851 2187 1010 2260 excludit
1028 2207 1171 2260 omnem
1191 2187 1287 2261 illam

207 2290 490 2388 gloriationem,
518 2308 597 2380 quae
615 2285 798 2360 descendit
817 2281 861 2360 'err
885 2287 1056 2382 operibus
1069 2285 1169 2381 legis.
1198 2290 1287 2359 l-iaec

221 2403 342 2462 aurern
372 2409 392 2460 a
407 2388 524 2464 ,nobie
550 2386 641 2461 diiia'
658 2385 740 2459 sunt
755 2407 823 2481 pro
840 2407 910 2479 ee,
939 2387 1036 2476 quod
1050 2400 1218 2478 tanquam
1233 2388 1286 2459 in·

218 2490 438 2586 terrogantir
461 2487 627 2563 sermone
649 2487 740 2560 dixit
760 2484 976 2582 Apostolus:
1012 2489 1072 2556 Ubi
1088 2489 1127 2582 asi
1143 2512 1210 2580 ergo
1224 2488 1290 2580 glr-

211 2595 321 2661 riarr'a
347 2584 431 2660 rua?
461 2583 511 2659 Et
530 2589 573 2666 ad
589 2589 665 2661 iraec
680 2587 742 2662 srbi
761 2587 838 2680 ipse'
849 2584 1053 2680 respondit:
1082 2587 1218 2676 Exclusa
1237 2589 1287 2684 esi.

211 2683 276 2767 -Et
295 2688 451 2778 rursum,
478 2688 573 2780 quasi
599 2687 672 2781 ipse
701 2684 737 2761 se
760 2686 981 2783 interroget,
1009 2689 1080 2778 ait,
1116 2689 1176 2759 Per
1193 2712 1288 2785 quam

222 2785 339 2882 legem?
365 2784 526 2884 Operum?
560 2785 617 2860 Et·
634 2785 818 2880 respondit
837 2787 900 2860 fibi
923 2788 1005 2881 ipsr:
1033 2789 1136 2858 Non:
1156 2787 1209 2876 sed
1230 2809 1287 2886 per

222 2889 315 2980 legem
324 2890 416 2980 fidei.
452 2887 659 2961 Arbitramur
672 2896 757 2958 enim
768 2885 939 2984 justificari
955 2890 1184 2985 hominemfpe'r
1192 2890 1288 2975 fidem

215 2987 285 3084 fine
298 2990 438 3083 operibus
455 2989 540 3081 legis.
567 2986 626 3061 De
640 2987 694 3060 hir
712 2983 780 3080 ianr
799 2985 958 3080 superius
973 2988 1137 3062 diximus.
1175 2988 1289 3087 Quod

225 3107 317 3162 vero
336 3089 442 3160 etiam
466 3090 504 3160 in
518 3084 681 3182 prasenti
698 3088 786 3159 loco
814 3085 962 3160 duarum
980 3088 1097 3186 legum
1118 3088 1205 3162 facit
1224 3089 1290 3162 ite·

222 3206 301 3262 rum
320 3189 562 3274 mentionem,
589 3185 624 3260 dt
651 3185 738 3259 dicit
760 3187 880 3281 legem·
897 3207 1045 3281 operum
1069 3189 1231 3284 &legem
1249 3185 1292 3261 fi·

223 3287 303 3379 dei,
332 3287 517 3362 considera
540 3288 649 3361 eriam
669 3285 742 3378 ipse
760 3287 825 3378 qui
843 3287 953 3384 legis,
978 3283 1097 3359 utrum
1117 3289 1161 3360 ad
1175 3290 1293 3384 legem

221 3383 343 3480 Moysi
362 3388 395 3460 dr
411 3389 740 3483 legem-naturalem
757 3385 873 3459 sermo
884 3389 942 3459 hic
961 3387 1092 3460 debeat
1108 3388 1291 3486 inclinari3

222 3506 266 3559 an
285 3488 458 3582 adlleg‘em
477 3488 590 3561 literae
614 3489 648 3560 dr
668 3488 784 3583 legem
807 3484 965 3578 spiritus:
993 3487 1074 3578 quia
1097 3489 1156 3559 lex
1177 3489 1291 3562 literae

220 3589 371 3676 occidit,
389 3589 423 3658 dr
439 3602 596 3661 mortem
613 3601 807 3679 operatum
833 3585 1029 3661 sexantem
1047 3585 1187 3682 spiritus
1205 3590 1292 3662 vitae

217 3685 351 3760 liberat
370 3690 484 3783 aiege
501 3690 640 3780 precati
656 3687 689 3758 dr
706 3686 847 3770 mortis.

293 3809 349 3861 10.
376 3786 486 3860 Unde
504 3789 538 3859 dr
554 3788 823 3859 convenienter
845 3786 883 3858 in
903 3783 1208 3880 consequentibus
1225 3806 1302 3881 po·,

215 3888 291 3962 nit:
317 3889 374 3959 Ara
400 3890 585 3983 Judaeorum
612 3882 877 3958 Demaratum?
903 3889 1025 3959 Nonne
1047 3889 1084 3962 U
1111 3881 1290 3976 Gentium?

208 3989 280 4060 lm
294 3983 336 4063 ὕ
354 3991 518 4068 Gentium.
532 3989 707 4084 'Quoniam
726 3985 949 4088 quidem-tritara
967 3991 1077 4068 Deua,
1100 3993 1159 4086 qrri
1168 3989 1288 4086 justrfi-

330 4101 348 4138 ·“
701 4121 704 4126 ·
745 4115 762 4138 ·
1175 4105 1229 4157 cet
