2825 4559
226 307 304 388 eoo
350 339 355 348 ·
394 271 685 380 ort-seems·
713 275 1150 383 ddoiueurou'

225 464 357 562 israel,
384 468 465 557 quia
481 467 680 538 crediderent
696 471 857 559 mina,
881 466 921 544 U
935 451 1063 561 famulo
1084 474 1152 564 ejus
1173 467 1302 564 Muyfi,

224 567 303 640 ‘uec
320 577 441 638 tamen
459 567 622 656 additur,
648 569 747 660 quod
771 567 816 640 de
838 567 1018 642 Abraham
1042 566 1208 662 seriptum
1233 569 1300 661 est,

225 668 492 758 uuioreputatr
506 665 558 739 est
574 667 644 742 iilis
657 668 701 739 ed
716 665 895 764 justitiam.
948 666 1009 743 Ob
1033 670 1117 740 hoc·
1130 672 1300 761 arbitror,

233 766 334 858 quod
351 767 618 853 imminueret,
645 767 734 840 stcut
754 768 790 840 in
810 764 990 843 Abraham
1017 767 1227 858 docuimus,
1254 790 1301 840 er

226 865 354 941 multis
375 868 536 958 partibus
556 865 641 940 fidei
666 869 701 939 in
729 883 838 940 unum
865 883 1082 940 coacervate
1108 867 1299 959 perfeiiio,

230 986 312 1057 quae
329 967 590 1040 mereretur'td
599 965 769 1060 justitiam
784 971 954 1062 reputari.
984 969 1096 1065 Quod
1111 979 1230 1041 eutem
1248 970 1299 1041 di·

229 1065 306 1140 cit:
335 1067 381 1137 Ei
400 1089 496 1154 vero,
522 1071 578 1163 qui
599 1067 766 1163 operetur,
792 1090 901 1137 merces
919 1092 988 1140 non
1005 1067 1300 1164 imputatursecua·

226 1168 308 1244 dum
323 1171 484 1260 gratiam,
515 1167 565 1253 [ad
584 1166 752 1256 [reundum
774 1167 932 1238 debitum:
964 1170 1102 1239 credenti
1123 1184 1232 1239 aetem
1260 1173 1298 1237 in

222 1267 754 1468 dieriffzitidii'iiiu
769 1268 1300 1462 iiiimxiiii:

231 1457 397 1557 licentis,
423 1467 461 1538 in
476 1483 592 1560 opere
610 1487 704 1541 vero
716 1464 851 1560 justitie
867 1469 1110 1540 retribuentis.
1137 1466 1208 1541 Sed
1229 1489 1298 1562 ego

225 1579 314 1652 'eum
331 1565 521 1638 confidero
543 1563 716 1642 sermonis
735 1568 986 1658 eminentiam,
1017 1588 1085 1656 qua
1099 1566 1187 1640 dicit
1208 1588 1296 1659 ope-

226 1668 326 1739 renti
343 1664 536 1740 secundum
555 1667 716 1741 debitum
736 1666 849 1755 reddi,
860 1670 923 1739 vix
944 1668 1028 1739 mihi
1044 1665 1189 1757 suadeo,
1200 1667 1299 1757 quod

222 1765 337 1860 ¹poiiit
353 1767 463 1838 uiium
481 1785 577 1858 opus
595 1765 689 1857 eise,
715 1768 814 1857 quod
831 1787 875 1839 ex
891 1769 1017 1838 debito
1036 1768 1300 1840 remuneratio·

222 1867 315 1940 'nem
334 1866 405 1937 Dei
423 1862 616 1958 deposeat,
644 1868 851 1940 eumerium
871 1867 945 1939 hoc
959 1863 1086 1958 ipsum,
1106 1865 1205 1956 quod
1220 1887 1299 1960 ege-

221 1986 270 2040 ·re
287 1965 416 2057 aliquid
432 1961 636 2058 poiiumrra,
662 1967 722 2037 vel
738 1968 921 2062 cogitare,
948 1967 1009 2037 vei
1025 1965 1218 2058 proloqui,
1244 1969 1294 2057 ip-

220 2066 300 2140 'd‘rue
317 2066 417 2137 dono
436 2062 471 2136 dr
487 2066 679 2160 largitione
695 2065 878 2138 faciamus.
920 2066 1032 2161 Quod
1050 2084 1138 2160 ergo
1155 2067 1226 2138 erit
1240 2065 1299 2138 de·

219 2166 347 2238 ‘bitum
363 2165 470 2244 illiue,
486 2166 588 2256 cujus
605 2185 688 2262 erga
704 2181 774 2237 noe
790 2164 906 2239 foeuus
926 2162 1126 2259 preceiirti
1154 2161 1201 2242 Et
1213 2163 1298 2237 ideo

220 2264 427 2337 ’videndum
441 2263 550 2359 magio
568 2263 642 2346 est,¹
667 2263 848 2357 neforto,
867 2266 966 2357 quod
980 2265 1091 2356 dixit,
1121 2265 1165 2337 Ei
1180 2279 1296 2352 oetam,

221 2373 290 2462 'qui
311 2383 476 2458 operatur,
502 2387 613 2435 merres
625 2367 794 2454 laundun
812 2365 951 2436 debitum
968 2365 1186 2459 reputabitur,
1220 2365 1299 2438 fini·

223 2465 291 2539 diri
310 2467 420 2561 magis
440 2468 562 2556 operio
584 2464 855 2561 intelligendum
877 2463 919 2538 fit
938 2465 1109 2538 debitum.
1129 2479 1131 2486 ·
1162 2463 1298 2537 Debita

220 2564 366 2639 ··eterrim
390 2564 630 2657 peccatadici
650 2567 686 2637 in
707 2565 840 2638 divinis
859 2565 1105 2638 voluminibus
1128 2562 1299 2654 frequen-

220 2665 290 2740 ter
303 2665 492 2750 iuvenies,¹
506 2680 548 2736 ut
561 2663 634 2758 ipse
650 2664 832 2739 Dominus
847 2667 883 2738 in
899 2666 1068 2738 oratione
1085 2682 1154 2735 noe
1171 2663 1299 2735 docuit

220 2765 373 2840 ‘diceret
410 2769 552 2835 Dimitte
567 2767 658 2834 nobis
675 2764 778 2835 debita
793 2766 915 2862 nostra,
933 2765 1018 2860 ficut
1034 2763 1073 2839 d
1089 2787 1145 2833 aas
1161 2768 1300 2834 dimitti·

130 2875 133 2882 '
230 2865 300 2934 iiras
315 2865 506 2935 debitoribus
519 2864 657 2947 aedeis,-
684 2865 863 2938 &iterum
883 2884 962 2937 cum
984 2865 1071 2936 dicit
1086 2861 1159 2957 ipse
1175 2861 1304 2936 Domi

221 2963 320 3058 suus:
348 2963 723 3060 cuidampairifareiiiaa
743 2981 839 3034 eraut
855 2968 913 3034 duo
927 2965 1093 3037 debitores:
1120 2964 1299 3033 inardeba-

219 3061 287 3136 ¹dot
300 3065 443 3135 denarios
458 3071 662 3160 quingentos,
689 3061 729 3140 θ
739 3065 821 3136 eiius
833 3069 1085 3163 quinquaginta:
1111 3062 1144 3135 &
1160 3063 1234 3136 hoc
1248 3063 1295 3135 de

218 3167 391 3276 peccatis
406 3164 566 3260 diciipse
578 3167 833 3256 interpretetus
849 3163 911 3238 est.
968 3165 1029 3237 Ne
1046 3164 1142 3236 forte
1158 3180 1247 3257 ergo
1264 3162 1298 3232 dt

218 3265 267 3338 iu
290 3264 364 3338 hoc
387 3265 476 3337 loco
498 3264 702 3338 mercedem
727 3266 869 3358 operia,
897 3284 974 3355 quae
993 3261 1186 3337 secundum
1201 3261 1299 3334 debi-

189 3443 193 3448 ,
221 3361 307 3454 ,ιίιω
332 3363 513 3455 redditur,
539 3365 582 3437 od
601 3363 698 3438 huuc
713 3362 870 3456 senium,
897 3361 1297 3455 quemsoprtdiximue,

221 3463 430 3555 ¹Apostolus
447 3464 599 3536 traxerit
613 3464 660 3536 de
674 3465 746 3556 hie,
774 3466 898 3555 quiite
916 3478 1131 3555 operantur,
1157 3460 1297 3534 sieut&

230 3561 321 3637 Cain
340 3577 510 3655 operatua
525 3561 578 3636 eit
595 3574 747 3637 tetram:
774 3565 807 3635 dr
832 3565 922 3636 sicut
947 3565 1027 3636 aiibi
1053 3563 1157 3634 dicit:
1193 3560 1296 3648 Disca-

229 3663 299 3733 dr'ie
311 3677 332 3733 a
345 3689 392 3733 me
407 3667 545 3758 operarii
559 3668 773 3759 iniquitatis:
801 3668 929 3754 quibus
945 3666 1070 3752 utique
1088 3661 1180 3752 quast
1197 3661 1296 3732 debi.

220 3775 268 3833 ¹to
289 3781 393 3854 poena
415 3782 483 3856 pro
506 3765 673 3836 mercede
696 3764 893 3854 iniquitatis
917 3762 1128 3835 exsolvitur.
1186 3759 1297 3833 Unde

180 3875 183 3880 ·
228 3860 326 3936 idem
347 3861 547 3954 Apostolos
562 3867 599 3935 in
616 3863 688 3934 aiio
701 3865 810 3936 loeo:
834 3865 1016 3958 Stipendia,
1031 3862 1166 3953 inquit,
1179 3866 1297 3956 peccata·

220 3959 333 4033 mom
358 3961 482 4038 &uon
498 3962 659 4056 eruitur,
685 3975 728 4038 ut
750 3963 909 4040 iimilit'er
925 3964 1094 4042 dieetete
1112 3959 1299 4054 Stipendia

257 4115 265 4126 .
336 4095 377 4110 ··
1182 4079 1242 4132 flu.
