2825 4559
215 357 302 435 'ru
328 354 504 434 errsr.
530 291 990 433 annonarium.
1020 355 1119 437 vu.
1173 317 1246 456 3'63·

166 543 256 600 num
276 521 416 615 judicet
442 519 496 595 his
515 519 694 615 preferre.
747 517 937 617 Subiungit
953 520 1103 597 deinde:
1129 524 1249 619 Neque

169 628 325 694 uirtutes.
352 621 500 713 Species
516 622 660 693 videtur
678 617 748 693 effe
764 641 834 694 una
851 641 896 693 ex
911 621 1074 714 pluribus
1089 624 1249 696 rationa-
1273 641 1279 654 ¹

169 724 303 799 bilibus
321 721 516 806 creaturis,
542 740 618 794 non
642 721 679 793 in
704 739 863 810 corpore
886 723 1031 795 mortali
1053 724 1165 796 vitam
1185 719 1250 795 du·

173 817 283 916 cens,
311 820 369 894 sed
395 833 437 893 ut
463 819 616 915 Augei,
643 841 687 894 ex
716 821 787 893 alio
815 834 936 896 tameo
964 820 1112 914 ordine,
1140 841 1250 912 quam

172 922 254 997 sunt
273 921 414 1018 Angeli.
467 916 516 994 Et
533 918 616 1013 ipsae
634 940 721 1015 ergo
738 921 892 993 virtutes
909 920 1045 1019 habent
1065 934 1250 1001 certamen

170 1020 334 1116 separare
358 1040 428 1094 nos
456 1042 475 1092 a
500 1019 674 1092 charitate
694 1019 788 1107 Dei3
817 1017 875 1092 sed
893 1039 962 1094 uec
981 1018 1086 1115 lpse,
1113 1022 1249 1118 inquit,

171 1120 373 1219 poterunt,
400 1119 424 1193 fi
441 1118 596 1192 radicata
611 1118 653 1192 stt
676 1119 885 1192 &fundata
937 1117 1108 1193 Similiter
1125 1120 1252 1193 &alri-

174 1223 251 1297 rulo
268 1220 301 1292 bc
317 1219 514 1316 prafundum
531 1218 821 1315 impugnatum,
848 1217 938 1291 srtut
953 1218 987 1292 bc
1003 1218 1123 1293 David
1135 1221 1250 1297 ¹dicit:
1274 1233 1279 1248 ’·

174 1322 290 1395 Multi
307 1326 364 1418 qui
381 1320 536 1393 debellant
553 1344 599 1389 me
617 1322 654 1390 oe
667 1319 754 1405 aleo,
780 1317 853 1391 srne
873 1319 986 1392 dublo
1006 1339 1088 1394 curn
1108 1323 1126 1392 a'
1151 1320 1252 1413 spiri·

171 1421 240 1496 bus
256 1422 423 1514 nequitie
443 1420 489 1492 de
507 1415 705 1492 coelestibus
725 1432 930 1514 urgeretur:
957 1417 1095 1493 &ficut
1116 1420 1250 1495 iterum

173 1520 281 1595 dicit:
313 1526 365 1591 De
378 1519 549 1615 profundis
564 1520 702 1590 clamavi
717 1520 758 1589 oti
772 1534 820 1604 re,
850 1522 1006 1590 Domine:
1034 1540 1114 1593 curn
1134 1522 1178 1593 ab
1192 1522 1251 1596 his

174 1622 237 1712 qui
263 1620 301 1692 in
325 1618 470 1697 inferno
494 1619 654 1711 deputati
679 1617 779 1708 sunt,
806 1615 840 1689 bc
865 1618 1041 1712 gehenne
1067 1621 1251 1712 spiritibus

174 1722 456 1818 impugnaretur.
499 1717 569 1791 Sed
588 1738 634 1790 ne
650 1718 749 1809 haec,
774 1717 892 1807 inquit
908 1715 1060 1808 Paulus,
1087 1717 1252 1811 separare
1323 1768 1330 1774 -

177 1837 249 1892 nos
266 1831 440 1914 poterunt
455 1839 475 1892 a
493 1819 666 1891 charitate
684 1817 767 1892 Dei.
810 1820 935 1912 Neque,
951 1819 1069 1910 inquit
1099 1837 1253 1892 erearum

177 1917 267 1995 ulio.¹
310 1915 434 1991 Potest
447 1919 598 2013 intelligi
609 1969 622 2010 ,
649 1919 750 1992 allam
769 1915 890 1990 dixisse
906 1872 1105 1994 creaturain
1121 1933 1260 2013 praetet·

174 2017 272 2092 hanc
296 2037 399 2111 quam
423 2018 608 2091 videmus:
640 2017 691 2090 est
717 2018 810 2091 enirn
837 2018 904 2089 alia
930 2018 1038 2090 nobis
1066 2019 1255 2093 invisibilis

179 2137 291 2193 nunc.
326 2113 448 2191 Potest
467 2130 586 2190 autern
604 2115 637 2190 bt
653 2116 699 2190 sre
717 2117 850 2209 accipi:
875 2115 1009 2189 Praeter
1024 2118 1084 2190 illa
1103 2139 1179 2209 quae
1198 2118 1259 2191 su·-

176 2218 299 2312 perius
315 2217 544 2303 enumeravi3
571 2216 645 2289 hoc
665 2214 739 2313 est„
767 2216 953 2311 Angelos,
980 2219 1014 2289 br
1031 2219 1200 2305 virtutes,
1215 2218 1256 2294 St

162 2317 202 2393 -n
217 2335 285 2406 qua
303 2314 354 2389 est
368 2317 433 2388 alia
451 2331 634 2407 creatura,
660 2337 707 2389 ne
723 2317 854 2410 singula
869 2337 934 2409 per
951 2314 1086 2409 species
1103 2338 1255 2391 enume-

176 2415 294 2489 rando
317 2418 465 2513 longum
485 2415 684 2490 sermonem
711 2418 852 2505 trabere
875 2416 1063 2489 videretur
1082 2417 1114 2489 br
1133 2416 1255 2510 super·

176 2515 303 2591 fluum.
357 2515 433 2587 Ant
450 2513 482 2586 bc
500 2516 571 2586 alio
587 2516 714 2590 modo.
756 2516 939 2610 Quoniam
958 2516 1100 2605 quidem
1117 2514 1256 2593 sciebat

178 2613 310 2689 Paulus
336 2615 464 2690 multas
490 2612 558 2686 elie
575 2614 608 2686 b
625 2615 829 2688 innumeras
849 2614 920 2687 Dei
937 2627 1141 2703 creaturas,
1170 2637 1258 2708 quau

178 2735 260 2789 rum
285 2715 391 2789 etiam
416 2712 488 2807 ipse
513 2734 588 2787 non
613 2733 775 2795 omnem,
802 2713 860 2787 sed
883 2736 928 2787 ex
945 2729 1048 2807 parte
1071 2715 1258 2795 scientiam
1287 2719 1289 2724 ’

179 2828 347 2908 ceperat,
375 2833 595 2905 quarumque
612 2834 688 2888 non
705 2812 818 2888 solum
834 2812 991 2907 species,
1011 2813 1071 2888 sed
1090 2815 1258 2891 &nomi-

177 2934 225 2987 na
238 2916 278 2994 in
290 2912 453 3009 prasenti
468 2910 596 2986 seculo
611 2915 841 3007 ignorentur:
869 2914 914 2987 de
930 2919 1058 3005 qulbus
1076 2914 1108 2988 br
1124 2917 1161 2989 in
1176 2918 1256 2992 aliis
1288 2925 1290 2930 '

125 3088 137 3109 ,
177 3013 276 3088 idem
291 3010 491 3106 Apostolus
517 3012 606 3087 dicit
627 3012 855 3086 Salvatorem
878 3012 1000 3088 sediffe
1019 3015 1114 3110 fiper
1135 3041 1258 3088 omnem

177 3119 414 3214 principatum,
440 3114 479 3188 (5
503 3114 698 3212 peregissem
727 3114 767 3190 (5
792 3118 970 3201 virtulem,
995 3118 1035 3192 U
1061 3119 1261 3190 dominacio-r

182 3238 274 3301 erem,
301 3215 340 3291 0
356 3237 445 3284 omne
462 3238 593 3301 nomeu,
620 3216 699 3310 quod
715 3220 903 3287 nominatur
926 3213 992 3284 non
1013 3217 1112 3303 solum
1137 3222 1175 3288 in
1199 3220 1261 3291 lm

177 3316 311 3405 seculo,
335 3314 385 3402 [ed
401 3317 496 3385 eriam
513 3321 549 3382 in
562 3314 699 3403 futuro.-
725 3327 876 3410 propter
891 3314 967 3387 haec
984 3335 1089 3412 ergo,
1098 3337 1175 3410 quae
1191 3316 1259 3395 scit

180 3434 261 3488 non
281 3413 393 3486 solum
413 3412 513 3505 polle
533 3412 748 3506 inpraesenti
766 3414 919 3505 saeculo,
946 3412 1130 3491 sedetiam
1148 3419 1185 3491 in
1201 3420 1261 3493 fu-

179 3528 269 3588 turo
286 3513 486 3606 nominari,
513 3510 633 3586 dixille
648 3514 850 3587 videbitur:
876 3518 987 3612 Neque
1014 3518 1083 3590 ullo
1108 3535 1260 3597 creseere

182 3616 250 3687 olio
263 3616 381 3709 peterit
397 3637 453 3682 nos
461 3612 608 3707 separare
621 3639 640 3683 a
654 3614 815 3684 charitate
833 3615 907 3686 Dei.
934 3615 1194 3692 Verumtamen
1211 3642 1261 3696 ex

181 3714 240 3788 his
259 3713 426 3787 omnibus
445 3711 603 3800 ostendit
617 3709 745 3786 Paulus
763 3710 881 3786 salutis
898 3715 965 3790 suae
982 3716 1260 3817 confidentiam,

186 3833 268 3887 cum
280 3816 351 3904 jam
366 3830 484 3904 neque
501 3812 648 3909 Angelis
664 3809 954 3907 adversantibus,
981 3838 1101 3908 neque
1115 3822 1263 3897 virtuti·

183 3914 252 3990 bus
269 3913 581 4008 impugnantibus,
606 3931 726 4007 neque
742 3910 973 4006 presentibus
985 3938 1109 4013 ¹neque
1125 3919 1260 3996 futuris

182 4012 248 4092 fibi
264 4009 547 4112 obluctantibus,
563 4029 683 4112 neque
698 4013 770 4091 ullo
788 4014 931 4114 prorsus
948 4034 1118 4098 creatrtra
1130 4021 1267 4193 aguer-

1175 4136 1241 4190 au·
