2825 4559
209 300 282 372 274
371 225 657 350 omonnrs
697 221 1163 376 commendares
1238 290 1243 308 ·

208 440 247 514 in
260 435 417 531 jnstitia,
442 437 480 510 in
495 428 798 530 sanitiftcatione,
813 455 891 528 que
906 438 1026 512 omnia
1040 435 1199 513 Christus
1216 437 1280 514 est.

207 537 319 614 inhia
336 556 422 632 ergo
439 538 567 608 vivere
583 533 694 640 Deo,
709 536 782 609 hoc
797 535 848 610 est
873 540 909 609 in
925 534 1066 616 Christo
1080 536 1161 634 Jesu
1175 541 1280 612 vive·

207 658 250 714 re
267 636 363 732 Deo,
391 634 503 732 Quod
521 633 544 708 fi
561 632 633 708 fine
646 633 791 728 justitia,
803 633 876 709 srne
890 658 989 730 pace,
1002 636 1075 712 fine
1091 635 1283 736 sandiifica·

202 735 543 829 ‚tione,caeterisque
563 736 757 808 virtutibus
774 757 881 810 nemo
897 740 993 810 vivit
1010 735 1113 827 Deo,
1142 752 1283 812 certum

206 831 1253 932 est,quodnemo'vivatDeo,nifiinChcistoJesudm‘en.

102 1245 105 1252 Ι
206 1013 209 1020 ¹
413 1087 955 1238 ,²0nronnrs

208 1277 1283 1420 comnenoanronon

488 1459 554 1520 IN
608 1457 1007 1532 EttsToLAM

103 1695 106 1700 ·
207 1615 218 1714 1·
259 1579 413 1660 BEATI
432 1579 584 1657 PAULI
605 1579 859 1659 APOSTOLl
880 1585 951 1657 AD
974 1584 1232 1661 ROMANOS

461 1719 675 1820 arnon
734 1710 1046 1803 SEXTUS(

213 1945 247 2002 1.
259 1925 372 2062 Non
386 1945 453 2017 ergo
470 1940 577 2018 regnet
589 1915 749 2020 peccatum
769 1928 805 1996 in
819 1925 920 2022 orfito
935 1927 1066 1999 mortali
1077 1946 1218 2024 corpore,
1241 1928 1285 2000 ad

354 2023 551 2096 odediendum
563 2023 721 2122 dessdrriir
734 2028 819 2119 ajars,
844 2052 944 2126 meque
958 2026 1131 2099 exhibeatis
1146 2026 1283 2099 membra

140 2211 147 2228 κ
212 2125 314 2222 orfito
331 2148 422 2196 ormo
438 2118 626 2224 iniquitatis
638 2142 783 2221 peccato:
802 2123 856 2214 sad
870 2127 1081 2199 exortanon
1097 2131 1182 2214 Deo,
1208 2143 1284 2199 ton·

232 2249 303 2298 aram
319 2249 356 2294 aar
373 2233 505 2297 mortuis
521 2229 692 2298 oinonterc
718 2222 758 2301 U
772 2227 905 2298 morabor
919 2225 1022 2326 vossro
1044 2251 1133 2300 arma
1147 2227 1282 2324 justitia

182 2343 193 2361 ‘
213 2409 220 2418 ι
250 2352 298 2408 aa,
324 2329 482 2397 Peccatum
496 2331 582 2396 anim
597 2324 767 2397 nobismori
784 2326 1022 2398 dominabitur:
1047 2352 1113 2399 nan
1129 2333 1213 2397 enim
1222 2327 1281 2417 sub

206 2425 373 2522 legardis,
398 2425 514 2516 srdlud
524 2430 644 2522 gratio.
690 2426 732 2500 In
751 2423 994 2518 superioribus
1013 2426 1084 2500 ait:
1108 2429 1202 2498 Sr'crrt
1217 2451 1283 2522 reg·

208 2531 307 2598 mavit
319 2543 476 2623 peccatum
491 2530 529 2597 in
544 2539 651 2598 meite.
694 2523 734 2598 N
737 2546 806 2598 unc
825 2542 941 2604 autem
959 2525 1037 2600 non
1056 2526 1163 2601 dixit:
1188 2525 1226 2600 N
1230 2548 1282 2604 011

210 2647 300 2722 ergo
326 2640 456 2722 regnet
478 2642 668 2722 peccatum
691 2625 728 2698 in
753 2643 893 2716 morte3
921 2624 979 2699 sed
1002 2628 1070 2698 ait:
1106 2630 1186 2704 Nan
1211 2652 1280 2722 argo

208 2743 314 2820 rogaret
327 2744 483 2822 paccatum
500 2732 536 2797 in
551 2725 652 2824 vrjdro
666 2725 796 2798 mortali
808 2747 947 2823 corporo,
963 2728 1003 2798 od
1017 2728 1213 2808 obediendum
1228 2729 1280 2799 da·

199 2825 432 2924 fidarir's'ejm
458 2826 595 2901 docens
611 2846 674 2919 per
691 2823 785 2917 hoc,
812 2822 930 2901 sedern
948 2826 1134 2915 quamdam
1151 2826 1279 2921 &reg-

206 2944 293 3000 num
311 2939 501 3015 peccatum
516 2924 651 2998 habere
666 2926 703 2998 in
719 2943 889 3018 corpote.
925 2925 1011 2998 Hoc
1028 2923 1099 3016 est,
1127 2925 1222 3016 quod
1240 2929 1276 3000 dc

207 3024 290 3100 alibi
305 3023 414 3097 dixit:
446 3026 624 3097 Prudentia
638 3030 747 3096 carnis
767 3029 899 3097 inimica
913 3027 952 3121 esd
967 3029 1051 3112 0203
1076 3025 1111 3098 'dc
1125 3027 1274 3103 iterum:

208 3124 388 3200 Prudentia
405 3129 512 3198 carnis
528 3149 609 3195 marr
624 3127 673 3214 ad.
725 3123 795 3197 Sed
815 3126 848 3197 dc
866 3124 987 3198 omnia
1004 3139 1154 3218 peecata
1174 3123 1279 3218 Apo-

203 3221 317 3300 stolus
331 3244 443 3318 opera
456 3224 570 3300 carnis
584 3219 654 3298 effe
667 3226 898 3316 pronunciat,
916 3246 994 3317 quae
1011 3217 1099 3298 dicit
1115 3221 1183 3298 effe
1199 3225 1276 3299 ior·

203 3324 445 3419 dicationem,
471 3324 748 3415 immunditiam,
774 3324 990 3418 paffionem,
1018 3319 1276 3418 concupiscen-

203 3423 289 3498 tiam
313 3423 458 3511 natan,
485 3423 765 3520 impudicitiam,
790 3424 1053 3516 idololatriam,
1079 3421 1275 3520 nareficta,

202 3523 426 3616 inimicitias,
452 3525 668 3617 certamina,
697 3524 836 3613 zelum,
861 3521 1041 3615 furorem,
1063 3527 1275 3599 contentio·

200 3641 287 3710 nea,
313 3620 560 3714 diffenstones,
587 3621 755 3714 hereses,
781 3624 966 3716 invidiam,
982 3622 1191 3716 ebrietates,
1211 3645 1276 3700 coe

199 3719 448 3807 mediationes,
474 3722 507 3796 tc
523 3723 577 3797 his
592 3722 722 3795 srnrilia.
748 3720 819 3796 Sed
834 3722 858 3796 st
873 3724 1055 3815 requiras,
1082 3724 1273 3816 quomodo

151 3873 155 3878 -
199 3823 307 3896 etiarn
324 3819 472 3896 haereses
488 3824 580 3896 inter
595 3821 710 3894 carnis
727 3843 838 3915 opert
851 3826 1273 3911 numerentur,invenict

197 3939 259 4022 eat
277 3920 322 3995 de
336 3918 438 3996 sensu
453 3923 568 3996 carnia
583 3920 796 4016 procedere.
823 3920 882 3998 Sic
897 3924 993 3999 enim
1007 3922 1096 3995 dicit
1109 3921 1273 4017 Aposto-

581 4081 585 4086 .
1160 4026 1216 4098 lus
