2825 4559
105 405 114 423 .
227 299 296 374 ηε
393 282 676 364 oeternis
716 269 1129 366 coMMn'Nrnn.

225 469 344 555 peccato
362 451 530 522 damnavit
544 464 701 544 peccatum
716 453 754 518 in
770 471 881 537 carm,
908 449 942 523 δι
962 451 1131 548 mundum
1151 452 1296 544 quidem

150 623 154 632 .
225 552 481 628 reconciliavit
499 549 604 621 Deoc
632 550 732 621 exuit
757 564 875 624 autern
898 552 1117 645 principatus
1137 547 1296 645 &pote-

226 654 333 730 states
348 652 492 744 tyranni
507 649 730 741 triumphans
747 669 805 721 eas
823 651 858 722 in
876 648 1076 744 semetipso.
1107 655 1241 726 Verum
1258 655 1295 724 in

226 757 305 832 haec
323 772 388 844 per
406 746 583 823 excessum
598 748 784 840 quemdam
802 750 956 843 prolapsi
974 751 1157 836 videmur:
1183 749 1296 823 sedad

226 850 452 951 propositum
474 847 673 923 redeamus.
702 929 706 938 ¹
726 848 839 942 Igitur
851 870 951 922 mors
970 853 1109 941 pcccati
1126 854 1297 946 regnavit

138 941 144 958 “
228 959 272 1030 ab
293 952 408 1023 Adam
421 946 530 1040 usque
549 947 591 1020 ad
607 945 784 1038 Moysen,
810 948 936 1037 idest,
961 948 1072 1040 usque
1094 952 1136 1022 ad
1161 953 1295 1022 adven·

176 1137 179 1146 f
228 1069 306 1128 turn
318 1047 458 1123 Christi.
487 1043 636 1139 Moyses
651 1048 745 1119 eninr
763 1048 820 1119 lex
838 1050 1053 1141 appenatur,
1071 1048 1297 1138 &·iex(s1cut

149 1207 151 1212 ψ
205 1199 206 1205 ¹
228 1151 397 1246 scriptum
423 1147 494 1243 est)
519 1144 631 1238 usque
653 1145 695 1216 ad
710 1148 858 1239 Joannis
876 1147 1084 1241 baptismum
1103 1150 1228 1224 habuit
1243 1152 1298 1220 lo·

88 1243 96 1314 s
229 1275 337 1343 cum,
380 1269 425 1320 ex
453 1267 525 1339 quo
554 1245 664 1337 erepit
687 1243 785 1337 jesus
816 1255 965 1341 regnunt
995 1249 1062 1320 Dei
1093 1249 1298 1341 predicare.

130 1357 134 1368 “
228 1351 346 1451 Quod.
360 1363 477 1422 autern
497 1346 643 1437 excepit
659 1357 781 1418 certos
798 1366 975 1438 quotque,
994 1350 1030 1419 in
1052 1350 1178 1438 quibus
1195 1368 1296 1423 more

88 1512 95 1525 .
226 1445 454 1546 regnaverit,
481 1465 562 1518 cum
578 1445 683 1518 dicit:
712 1449 875 1539 Regnavit
886 1471 966 1516 mors
983 1452 1021 1515 sn
1037 1471 1104 1535 ens,
1130 1455 1186 1544 qui
1196 1469 1297 1543 pecca·

98 1635 99 1640 ¹
226 1567 348 1623 verunt
373 1573 408 1616 m
424 1545 668 1640 'similitudinem
688 1551 965 1640 prevaricationis
988 1548 1079 1624 Aiae:
1105 1566 1182 1620 non
1208 1548 1295 1621 mihi

146 1719 148 1726 .
228 1651 375 1725 'videtur
395 1646 464 1718 dici
482 1647 616 1734 absque
634 1643 791 1736 mysterii
811 1646 959 1736 aiicujus
979 1646 1127 1723 indicio,
1144 1646 1204 1719 Ne
1221 1648 1299 1719 for·

90 1763 97 1785 ¹
229 1767 268 1824 te
286 1768 374 1843 ergo
391 1745 528 1817 suerint
543 1744 649 1834 aliqui
665 1743 774 1833 usque
790 1747 832 1817 ed
852 1745 939 1817 iilud
958 1761 1119 1839 ternpus,
1147 1767 1220 1837 quo
1232 1745 1297 1819 sub

227 1853 308 1942 lege
330 1848 432 1917 velut
458 1844 519 1916 snb
545 1845 741 1937 pedagogo
767 1845 933 1917 homines
956 1845 1199 1928 habebantur,
1234 1846 1318 1944 qui

229 1951 302 2020 tale
326 1943 456 2033 aliquid
478 1945 637 2037 egerint,
654 1943 776 2033 'quale
799 1943 915 2016 Adern
935 1945 972 2017 in
999 1943 1161 2017 Paradiso
1188 1943 1298 2040 egisse

214 2045 459 2132 describitur,
494 2043 528 2114 ἃ
553 2039 741 2137 contigisse
761 2061 807 2115 ex
827 2045 927 2139 ligno
951 2042 1080 2142 sciendi
1096 2047 1238 2117 'bonum
1260 2045 1295 2115 sc

226 2150 382 2233 malurn,
411 2143 444 2213 ἃ
464 2137 641 2213 erubuisse
659 2139 859 2230 nuditatem
869 2140 985 2229 suam,
1011 2158 1120 2234 etque
1136 2147 1180 2217 ab
1197 2145 1295 2217 hebi·

227 2244 370 2319 tatione
387 2240 536 2313 Paradisr
554 2239 731 2313 decidisse.
767 2242 843 2313 Aut
858 2243 1187 2339 magisrsnnpliciter
1205 2246 1296 2315 acci·

226 2345 398 2441 piendum
415 2339 580 2431 videtur,
606 2339 641 2410 ἃ
665 2340 857 2415 similitudo
879 2345 1185 2434 praevaricationis
1205 2344 1296 2414 ndae

206 2443 360 2536 'ubsque
375 2443 491 2531 eliqua
508 2437 715 2512 discussione
735 2443 957 2534 recipienda,
983 2455 1024 2513 ut
1040 2442 1113 2532 hnc
1131 2440 1295 2515 sermone

228 2564 379 2634 omnes,
408 2542 466 2631 qui
490 2560 534 2610 ex
552 2539 668 2612 Adam
683 2543 962 2633 praevericatore
986 2543 1060 2613 nati
1081 2540 1178 2622 sunt,
1206 2543 1296 2614 indi·

228 2647 300 2717 cari
320 2642 534 2730 videantur,
561 2638 748 2714 &habere
767 2642 803 2713 in
822 2637 1010 2733 semetipsis
1031 2640 1294 2721 similitudinem

248 2739 536 2838 *raevaricationis
551 2739 627 2828 ejus
641 2741 718 2811 non
730 2736 848 2836 ¹solum
865 2761 910 2811 ex
927 2738 1078 2829 senine,
1105 2736 1164 2813 sed
1180 2762 1225 2813 ex
1239 2744 1294 2813 in·

223 2767 412 2915 Kitutione
429 2835 636 2928 susceptam.
673 2837 812 2910 Ornner
829 2842 943 2932 enim,
971 2841 1029 2930 qui
1048 2840 1083 2911 in
1101 2839 1175 2911 hoc
1191 2861 1293 2912 mun·

225 2937 493 3025 (innascuntur,
510 2955 584 3007 non
602 2934 715 3010 solurn
734 2935 942 3009 nutriuntur
960 2958 978 3009 a
994 2940 1215 3029 parentibus,
1231 2938 1291 3012 sed

222 3040 258 3112 δι
287 3040 523 3122 imbuuntur3
560 3034 594 3104 sir
615 3056 692 3108 non
714 3034 826 3109 solum
849 3035 930 3109 sunt
951 3033 1013 3108 iiiii
1035 3033 1289 3128 peccatorum,

220 3137 281 3212 sed
293 3134 513 3227 &discipuli
548 3128 622 3206 Ubi
641 3153 734 3207 vero
753 3149 836 3208 aetas
857 3137 1082 3230 adoleverit,
1110 3137 1144 3209 ἀ
1163 3139 1288 3233 agendi

220 3258 300 3327 quae
316 3236 420 3309 sentit
435 3235 581 3306 libertas
596 3234 802 3316 accesserit,
828 3236 876 3308 ibi
896 3237 966 3327 jani
989 3251 1049 3307 eut
1072 3239 1187 3332 pergit
1210 3240 1289 3328 quis

93 3407 100 3418 ,
218 3338 256 3410 in
274 3339 368 3407 viam
393 3350 532 3426 petrum
551 3330 715 3424 suorum,
746 3332 835 3406 srcut
861 3334 906 3407 de
931 3336 1116 3408 nonnullis
1139 3338 1288 3430 regibus

216 3434 404 3526 scribitur,
429 3446 490 3503 aut
515 3444 616 3506 certe
642 3433 778 3516 incedit
803 3435 950 3507 inviam
970 3433 1118 3508 Domini
1135 3433 1205 3508 Dei
1223 3433 1284 3507 sui.

214 3532 386 3625 Denique
403 3533 448 3604 de
464 3531 558 3603 Abel
579 3532 649 3605 tale
665 3531 804 3622 aliquid
820 3532 905 3608 mihi
924 3534 1071 3605 indiceri
1090 3533 1234 3622 videtur
1246 3537 1285 3609 in

213 3653 281 3724 e0,
311 3634 409 3725 quod
427 3629 596 3722 scriptum
615 3631 687 3704 est:
716 3621 963 3704 obtestantem
977 3634 1039 3727 pnfl
1055 3635 1118 3703 sies
1136 3629 1284 3705 Abarno-

88 3775 95 3798 r
201 3733 297 3824 fliam
322 3739 390 3804 Deo
416 3757 454 3801 ex
480 3737 700 3821 primogenitis
725 3741 856 3825 onium,
892 3733 932 3808 U
953 3757 991 3801 ex
1007 3735 1148 3828 adipibus
1164 3758 1283 3809 earum.

208 3832 321 3928 Quod
339 3829 428 3927 ergo
447 3829 555 3915 dixit,
579 3829 641 3923 post
657 3833 741 3912 sies,
768 3832 1029 3914 hoenstendit,
1057 3836 1136 3924 quir
1157 3837 1280 3925 prinis

88 3950 100 4012 r
203 3933 346 4025 quiden
366 3933 450 4005 vitae
467 3929 535 4002 suae
554 3927 678 4003 diebus
703 3944 863 4025 paterne
885 3934 1195 4026 prevaricationis
1223 3936 1278 4007 in·

952 4046 955 4053 '
1014 4039 1018 4048 ‘
1117 4030 1202 4106 stitu
1242 4030 1246 4038 “
