2825 4559
190 382 297 455 200>
357 343 1090 480 onroaurslconrmnnran.
1214 323 1218 327 ’

192 528 358 621 capacior
379 523 451 602 liat.
502 524 612 599 Simili
628 525 763 615 modo,
789 525 848 614 qui
864 526 977 597 utitur
993 525 1151 618 ceteris,
1179 544 1257 615 quo

190 629 307 710 media
331 626 400 700 elie
424 626 598 718 diximus,
626 624 842 697 fortitudine
866 626 1062 717 duntaxat,
1088 627 1147 697 vel
1171 628 1259 700 divi-

180 728 271 801 ·tiita
299 731 375 816 quae
393 726 475 798 dum
493 724 608 798 media
622 723 723 805 sunt,
749 725 823 795 hoc
838 723 909 815 est,
931 725 1013 797 dum
1031 746 1105 796 non
1118 728 1154 797 in
1170 746 1258 818 ope·

191 846 232 898 re
256 824 325 896 Dei
348 827 424 916 quis
448 823 554 897 fortia
577 823 649 915 est,
677 844 794 913 neque
810 826 846 895 in
861 823 1108 895 misericordiis
1125 846 1259 921 paupe·

125 985 128 990 .
171 943 271 1000 rum
296 926 419 1014 dives,
446 924 589 1018 gloriari
610 944 731 1014 neque
754 926 791 996 in
814 923 1050 1014 fortitudine,
1076 944 1193 1019 neque
1220 925 1259 995 in

194 1025 328 1098 divitiis
349 1024 466 1097 debet
500 1022 536 1095 si
554 1043 647 1095 vero
663 1020 750 1113 ista,
778 1044 855 1114 quae
871 1023 986 1096 media
1000 1021 1099 1113 sunt,
1128 1024 1170 1094 ad
1187 1025 1257 1094 ani·

193 1124 242 1202 nri
258 1126 442 1209 uirtutem,
460 1124 492 1193 dt
512 1122 555 1193 ad
568 1120 720 1194 frustum
736 1124 822 1196 boni
839 1123 960 1214 operis
978 1136 1259 1215 convertantur,

124 1260 132 1264 ·
193 1217 411 1320 gloriatione
426 1223 531 1317 digna
547 1220 765 1294 efficiuntur:
792 1222 880 1295 sicut
905 1220 1063 1311 rursum,
1089 1222 1174 1295 stad
1190 1244 1261 1294 ma-

194 1326 267 1397 lum
283 1343 378 1414 opus
397 1321 655 1411 conferantur,
683 1336 724 1394 ut
739 1342 803 1412 per
819 1322 960 1412 divitias
982 1323 1059 1411 quia
1079 1323 1262 1416 opprimat

133 1464 134 1467 π
193 1443 386 1515 pauperem
397 1474 412 1516 ,Α
435 1421 467 1492 δι
491 1440 554 1513 per
571 1420 821 1494 fortitudinem
844 1421 1044 1514 prosternat
1067 1419 1262 1512 infirmum,

194 1519 265 1618 jam
285 1543 360 1593 non
378 1521 453 1594 haec
470 1520 607 1612 media,
633 1519 690 1593 sed
707 1524 798 1595 mala
815 1519 884 1594 elie
901 1534 1083 1612 putantur.
1120 1521 1264 1618 ldcjpco

195 1623 303 1716 igitur
318 1634 440 1706 natura
455 1618 504 1691 soi
522 1617 766 1693 indifferentia
782 1620 943 1691 &media
962 1624 1151 1708 dicuntur,
1180 1623 1264 1711 quia

198 1720 292 1793 &ad
310 1722 440 1793 malurn
461 1740 553 1811 opus
577 1718 729 1805 sociata,
756 1721 845 1791 mala
863 1720 931 1791 dici
951 1718 1117 1811 poliunt,
1143 1720 1175 1792 δι
1196 1722 1265 1791 bo.

196 1822 252 1895 nis
269 1820 438 1914 operibus
457 1817 597 1916 juncia,
625 1822 722 1906 bona
742 1819 922 1911 appellari.
978 1821 1151 1892 Sine‘hac
1171 1840 1264 1891 vero

124 1942 126 1947 ·
195 1920 434 1992 inclinatione
450 1918 494 1989 ad
508 1918 658 1991 alterum
675 1940 694 1989 e
710 1917 865 2011 duobus,
877 1918 934 2008 qui
953 1940 994 1990 ea
1011 1922 1108 1992 bona
1123 1920 1277 2012 dicunt,

98 2083 116 2092 ..
155 2028 159 2037 '
197 2019 351 2116 imperiti
371 2018 404 2092 u
421 2018 536 2113 ignari·
552 2018 819 2112 rationabilium
839 2016 1089 2092 definitionum
1108 2020 1275 2112 appella.

198 2122 412 2207 tionumque
431 2116 600 2188 credendi
618 2111 709 2191 sunt.
762 2117 927 2191 Abusrve·
940 2134 1058 2190 tamen
1076 2120 1107 2189 u
1124 2119 1265 2192 fabrum

198 2218 346 2291 dicimus
366 2215 579 2309 sapientem,
598 2214 631 2285 u
648 2218 946 2309 gubernatorem,
967 2220 999 2288 δι
1018 2217 1266 2308 architedtum,

114 2342 117 2345 ·
188 2318 232 2392 ·&
257 2318 441 2388 mulierem
467 2314 614 2390 texendi
641 2313 834 2407 sapientem
862 2320 1100 2392 nominamur.
1152 2318 1267 2414 Quod

140 2490 146 2499 ,
199 2436 286 2513 ergo
305 2419 338 2488 in
354 2414 517 2509 prasenti
531 2409 691 2507 capitulo
708 2414 907 2507 Apostolus
924 2417 1031 2505 dicit,
1057 2420 1146 2510 Quia
1163 2419 1267 2485 trilu-

198 2518 277 2589 iurio
298 2520 490 2613 parientiam
514 2532 679 2611 operatur,
714 2514 736 2587 sa
764 2516 971 2608 patientiam
998 2538 1104 2589 unam
1126 2513 1195 2593 esse
1220 2538 1266 2590 ex

200 2619 306 2708 animi
325 2617 521 2689 virtutibus
541 2612 703 2706 constat,
732 2616 917 2687 tribulatio
940 2616 1011 2689 sine
1032 2618 1163 2695 dubio,
1189 2638 1268 2706 qum

197 2721 354 2787 virtutes
372 2716 478 2787 animi
496 2707 609 2804 parit,
636 2734 755 2805 neque
770 2716 879 2799 mala,
907 2737 1026 2805 neque
1043 2714 1266 2806 indifferens,

199 2816 259 2889 sed
275 2817 371 2885 bona
389 2813 597 2906 appellanda
613 2812 673 2886 cst.
727 2813 766 2883 ln
786 2828 923 2886 tantum
941 2832 1080 2907 autem,
1108 2814 1197 2887 sicut
1215 2814 1266 2886 su-

199 2936 263 3013 pra
285 2913 458 3004 diximus,
484 2912 657 3008 patientia
683 2911 797 2983 uirtus
822 2915 927 2985 animi
955 2915 1104 2985 dicenda
1126 2914 1198 3008 est,
1225 2926 1268 2988 ut

199 3035 265 3107 per
281 3012 489 3106 patientiam
507 3011 602 3081 dicat
620 3012 873 3101 probationem
885 3014 1002 3085 nostri
1021 3011 1117 3105 lieri,
1147 3016 1179 3084 ta
1203 3033 1269 3105 per

198 3114 456 3209 probationem
475 3108 568 3203 spem
588 3111 679 3181 dari:
708 3132 784 3198 quae
802 3114 926 3201 utiquc
944 3115 1112 3203 quoniam
1129 3117 1164 3187 in
1182 3115 1269 3185 Deo

199 3215 263 3287 sata
279 3212 349 3300 est,
368 3212 427 3300 qui
446 3211 622 3282 virtutum
639 3211 797 3284 omnium
815 3225 916 3308 pater
934 3213 1004 3300 est,
1022 3234 1097 3286 non
1116 3216 1271 3286 consun-

199 3316 252 3386 dit
268 3312 477 3404 sperantem.
504 3308 613 3383 Simul
629 3310 723 3381 enim
741 3330 821 3380 cum
836 3310 896 3404 spe
912 3312 945 3384 br
961 3314 1143 3384 charitatis
1160 3319 1270 3385 abun·

114 3413 150 3430 ''
199 3414 355 3487 dantiam
374 3424 495 3503 tenet,
522 3429 599 3500 quoe
622 3410 740 3502 primo
764 3410 874 3500 loco,
901 3414 981 3501 quia
1006 3418 1105 3508 major
1129 3419 1270 3482 amnium

198 3515 421 3609 essedariam,
446 3508 593 3598 Spiritui
604 3509 815 3598 copulatur.
868 3512 978 3603 Quod
1006 3511 1027 3582 sr
1059 3514 1135 3602 quis
1160 3514 1269 3585 nobis

199 3624 386 3702 occurrat,
408 3608 441 3679 da
460 3608 575 3695 dicar,
594 3609 750 3680 medium
766 3606 836 3679 elie
854 3610 886 3680 u
904 3610 1110 3685 indifferens
1126 3613 1271 3685 tribula·

199 3714 359 3799 tionem,
388 3709 556 3795 quoniam
579 3706 721 3797 quidem
741 3706 945 3781 invenimus
966 3714 1071 3784 ctiam
1098 3715 1212 3785 malos
1236 3714 1271 3782 ἃ

197 3816 330 3909 impios
355 3808 537 3897 tribulari,
565 3805 598 3877 ἃ
623 3826 698 3879 non
724 3808 925 3900 continuo,
954 3816 1033 3900 quia
1050 3814 1270 3885 tribulantur

197 3936 265 4010 pro
283 3909 381 3985 malis
401 3906 534 3979 attibua
553 3904 644 3999 suis,
673 3906 788 3977 virtus
809 3915 910 3984 anian·
936 3913 1120 3982 tribulatio
1141 3931 1270 3987 eorum

181 4005 472 4111 rmutandus:
501 4004 622 4083 videsr
636 4004 805 4106 possimus
820 4010 893 4112 boc¹
908 4015 1021 4104 modo
1036 4011 1269 4106 respondere,
1298 4079 1300 4086 .

1124 4112 1228 4206 quud
