2825 4559
167 225 241 402 4⁴3⁶
327 242 1067 406 outouursconunurun.

107 489 109 494 ·
152 459 354 565 perculsus
377 444 556 537 enclimat
581 460 742 535 &dicltz
777 463 966 559 oalriruda
980 463 1251 558 divitiarumla-

166 571 298 667 pientia
317 566 358 641 σ
369 565 510 654 scientia
531 560 613 648 Dei,
649 586 744 662 quam
769 563 991 653 inscrutabilia
1018 564 1109 653 suut.
1123 570 1257 664 judicia·

170 667 257 767 ejus,
283 665 322 742 δ’
340 662 567 756 investigabiles
583 668 647 734 uia
662 656 753 759 ejus!
801 661 913 736 Unde
931 657 1067 748 etenim
1085 666 1251 741 humanm

170 765 303 842 mentis
328 761 443 836 sensus
466 761 529 835 ista
555 760 672 856 posset
696 763 861 854 opinari,
888 774 929 835 ut
948 761 1090 837 servata
1108 768 1251 839 unicui-

173 885 244 957 que
262 863 396 937 arbitrii
410 863 598 954 libertate,
626 861 771 935 alterius
796 864 938 935 malitia
963 883 1056 954 opus
1083 879 1249 941 vertere·

171 982 231 1039 tur
250 964 352 1036 alteri
370 962 413 1035 ad
434 959 600 1052 salutem,
630 961 850 1044 &vincenti
875 959 909 1035 se
936 963 1068 1063 malitia
1095 967 1250 1060 palmam

171 1062 378 1154 conferres,
406 1079 484 1151 quo
500 1063 615 1134 utenti
638 1062 671 1132 se
688 1061 885 1153 perniciem
903 1061 1069 1155 prabet?
1102 1064 1172 1136 His
1189 1069 1248 1162 igi·

171 1160 434 1259 turgenerali,
467 1172 643 1252 quantum·
666 1160 832 1253 videtur,
867 1160 1067 1253 Apostolus
1099 1166 1247 1240 ratione

171 1260 586 1359 perspesi'is„exclamat
612 1261 645 1332 dc
668 1260 777 1353 dicit,
803 1260 884 1350 quia
899 1260 1003 1332 “tanta
1021 1262 1078 1360 est¹
1089 1265 1248 1338 altitudo

171 1364 376 1436 divitiarum
394 1359 486 1447 Dei,
504 1360 554 1431 δι’
573 1357 853 1450 sapientiaeejns
881 1373 979 1432 tanta
1002 1359 1054 1432 est
1073 1364 1247 1456 altitudo,

171 1460 384 1550 ¹&scientiar
408 1459 642 1548 nihilominus
668 1473 767 1531 tanta
782 1456 832 1531 est
849 1461 1003 1531 altitudo
1029 1458 1096 1555 (ad
1123 1465 1249 1538 omnia

174 1563 269 1635 enim
287 1561 362 1644 haec
380 1558 576 1631 altitudinis
592 1553 707 1631 sermo
723 1551 897 1649 deservit)
923 1574 964 1630 ut
989 1558 1133 1633 scrutari
1155 1564 1248 1655 judi·

92 1693 94 1698 ¹
172 1662 227 1734 cla
239 1661 333 1752 ejus,
361 1658 488 1749 quibus
505 1675 791 1748 unamquamque
807 1660 956 1732 animam
975 1672 1081 1749 atque
1099 1682 1247 1740 omnem

172 1775 336 1850 naturam
353 1757 602 1830 rationabilem
618 1756 819 1852 dispensat,
846 1778 955 1848 nemo
982 1756 1150 1848 sufficiat,
1180 1783 1248 1837 nec

173 1858 356 1949 viasDei,
385 1857 514 1948 quibus
532 1856 764 1948 providentia
778 1857 854 1956 ejus
872 1858 1029 1951 incedit,
1056 1859 1247 1960 investiga·

171 1978 213 2031 re
241 1958 365 2047 aliquis
389 1954 504 2048 pollit.
558 1955 699 2045 Aliquis
720 1969 838 2031 autem
855 1956 1008 2029 dicimus
1034 1979 1109 2032 non
1129 1959 1246 2039 solum

174 2058 385 2145 hominum,
412 2053 471 2126 sed
498 2054 531 2126 dr
557 2056 671 2127 totius
696 2074 881 2129 creatura.
933 2056 1066 2148 Neque
1082 2064 1180 2135 enim
1197 2063 1248 2136 in·

171 2154 376 2230 scrutabilia
389 2153 524 2245 iudicia
540 2151 639 2245 eiua,
668 2154 986 2252 &investigabiles
1003 2159 1071 2266 yiae
1091 2159 1171 2251 ejus
1197 2161 1246 2235 di·

173 2270 362 2345 serentur,
390 2251 452 2326 nist
475 2252 556 2343 quia
571 2254 669 2326 nulla
686 2252 737 2327 est
753 2268 938 2342 creatura,
965 2271 1042 2345 qua
1065 2261 1124 2331 uel
1146 2262 1247 2335 inve·

170 2354 298 2452 stigare
315 2355 434 2425 voleat
452 2351 527 2443 illa,
542 2353 604 2427 vel
622 2351 778 2429 scrutari.
812 2352 917 2426 Solus
939 2353 989 2427 est
1006 2358 1100 2430 enim
1118 2356 1147 2431 F
1148 2361 1244 2453 ilius,

149 2521 151 2525 .
171 2462 231 2547 qui
249 2455 398 2527 noverit
413 2451 575 2543 Patrem,
602 2452 635 2525 dr
654 2451 749 2526 solus
768 2453 818 2526 est
837 2458 977 2548 Spiritus
996 2454 1242 2553 sanslus,.q'ui

170 2541 338 2645 scrutatur
353 2558 461 2624 omniu
477 2558 573 2622 eliam
587 2555 794 2623 altitudinem
812 2550 891 2631 Dei.
918 2550 966 2624 Et
981 2555 1067 2630 ideo
1084 2558 1180 2630 hanc
1198 2563 1244 2634 al·

169 2655 361 2729 titudinem
380 2652 471 2745 Dei,
494 2671 597 2743 quam
615 2652 648 2725 dr
667 2652 929 2726 inscrutabilem
947 2654 1033 2746 dicit
1049 2655 1082 2726 dr
1098 2658 1244 2734 investi·

170 2756 322 2852 gabilem
346 2752 454 2841 dicit,
489 2764 659 2823 creaturae
681 2755 779 2825 omni
798 2751 1063 2827 inscrutabilem
1084 2755 1117 2827 u
1138 2759 1242 2834 inve·

168 2854 363 2949 stigabilem
381 2850 479 2921 dicit.
514 2848 572 2921 De
587 2848 680 2923 Filio
698 2872 790 2925 vero
809 2850 842 2923 u
858 2852 990 2943 Spiritu
1009 2853 1127 2929 saneto
1144 2860 1240 2934 dice·

116 2968 127 2978 ·
166 2972 208 3024 re
226 2950 288 3023 ista
304 2967 379 3022 non
396 2960 564 3041 poterat,
591 2952 672 3040 quia
687 2948 794 3023 Filius
813 2952 850 3024 in
867 2948 1069 3048 Evangelio
1089 2955 1178 3031 dicit
1195 2961 1241 3033 ad

78 3107 81 3111 .
165 3049 341 3137 Patrem?
360 3051 471 3135 Pater,
495 3052 601 3118 omnia
621 3055 763 3123 maaria
779 3053 872 3135 sunt,
900 3050 938 3126 U
953 3066 1011 3124 lu'a
1028 3078 1113 3129 mea:
1141 3058 1238 3136 &de

167 3148 302 3245 Spiritu
321 3145 440 3220 sensio
467 3145 691 3240 ipse-Paulus
716 3150 936 3243 pronunciat
962 3151 1106 3230 dicens:
1133 3159 1238 3233 lum·

165 3259 251 3324 anim
263 3250 324 3335 scit
339 3250 499 3319 homiuum
515 3271 580 3342 que
589 3250 672 3337 'sunt
687 3250 845 3335 bominis,
873 3253 933 3347 rufi
942 3251 1078 3347 spiritur
1093 3257 1237 3329 hominis

164 3358 223 3449 qui
240 3355 277 3420 in
294 3346 355 3445 ipso
372 3347 430 3444 est:
464 3354 520 3436 ita
535 3345 574 3423 U
601 3373 669 3444 qua
690 3356 727 3419 in
754 3356 821 3421 Deo
839 3351 939 3444 sunt,
967 3377 1055 3423 nemo
1078 3365 1234 3447 cognovit,

162 3450 226 3546 ulfi
242 3454 385 3545 Spiritus
403 3447 475 3518 Dii.
502 3445 617 3521 Vides
635 3469 742 3546 ergo,
770 3451 869 3541 quod
885 3450 1012 3524 Paulus
1029 3453 1065 3527 in
1082 3458 1235 3549 prasen-

162 3553 190 3624 ti
212 3550 372 3642 capitulo
391 3547 427 3620 in
443 3544 499 3619 hid
516 3566 593 3637 qllae
611 3548 720 3648 elicit:
753 3552 839 3641 Quis
854 3559 939 3619 euim
953 3558 1095 3644 cognovit
1104 3556 1232 3646 sensum

163 3655 320 3741 Domini,
345 3663 404 3717 aur
424 3650 497 3743 quis
517 3647 570 3715 illi
590 3650 784 3741 consiliarius
802 3644 897 3739 fuir?
922 3650 968 3724 de
983 3657 1156 3729 creaturis
1179 3658 1231 3731 dl-

162 3762 242 3836 cat;
274 3761 436 3820 naturam
460 3762 552 3817 vero
578 3743 768 3821 Trinitatis
795 3749 973 3843 ex'ciplat:
1008 3755 1141 3847 quippe
1168 3760 1228 3831 cui

160 3848 248 3923 nihil
272 3847 314 3919 srt
334 3865 414 3918 cum
439 3845 610 3917 creaturis
626 3866 847 3940 commune,
879 3848 943 3921 nisr
975 3850 1229 3931 beneficentio

147 3967 266 4046 opus,
301 3943 371 4018 Sed
388 3943 421 4017 δι
438 3943 539 4037 quod
553 3944 620 4020 ait:
647 3950 734 4041 Quis
751 3948 804 4022 illi
817 3947 1015 4046 confiliarius
1027 3951 1127 4045 suits
1146 3973 1226 4032 non
1274 4031 1281 4038 ,

429 4079 435 4094 =
694 4093 700 4102 ·
1078 4052 1173 4149 quali
