2825 4559
268 297 533 392 merus.
559 297 639 376 so
663 295 895 392 nouam
919 297 1026 394 Lm.
1051 299 1120 378 tx.
1173 323 1250 406 439

168 466 261 563 (iiam
280 468 464 552 viventem,
484 460 645 554 scentiam,
677 467 745 536 Deo
758 465 957 560 placentem,
983 478 1026 539 ut
1040 462 1082 538 stt
1098 468 1248 546 relicom,

171 568 232 637 iile
248 567 418 661 obloquium
436 567 581 654 meltum.
635 555 854 654 Obseqllffim
871 566 931 640 hic
947 565 1085 641 cultum
1101 561 1242 638 Dei'di·

171 667 233 738 cit.
287 666 359 763 Qui
388 667 504 736 cultus
532 666 702 755 quoniam
726 665 858 738 duduni
874 665 911 738 in
925 665 1103 759 pecudum
1119 678 1240 737 muto·

170 786 247 840 rum
264 769 479 860 corporibus
494 763 727 864 consulebat,
752 783 864 856 nunc,
880 765 1008 857 inquit,
1023 764 1059 838 in
1079 783 1239 856 corpore

166 866 390 938 rationabilis
412 863 568 938 hominis
592 863 788 956 offeratur,
815 865 1025 960 &corpora
1048 865 1157 960 magis
1174 865 1240 935 ue·

167 963 238 1039 stra
263 983 367 1056 quam
390 967 565 1055 pecudum
592 959 681 1036 fient
703 962 910 1038 sacrificium
935 963 1045 1056 Deo,
1070 979 1178 1055 etque
1199 962 1240 1038 in

165 1063 272 1138 sacris
289 1064 458 1138 altaribus
475 1066 689 1137 collocetur.
716 1064 764 1136 Hi
781 1064 898 1157 enim,
924 1067 983 1155 qui
999 1064 1157 1160 membra
1174 1060 1237 1140 sua

165 1159 389 1241 mortificent
408 1167 452 1237 ab
466 1165 656 1237 incentivo
674 1165 829 1236 libidinis
847 1163 882 1238 tr
899 1162 1056 1256 furoris,
1082 1161 1116 1233 o
1137 1159 1239 1236 actus

167 1264 335 1355 corporis
354 1261 403 1336 sui
421 1262 513 1336 Deo.
528 1262 682 1355 placitos
698 1263 1008 1355 babenclrosttnn
1028 1264 1240 1352 viventem,

164 1361 338 1449 sannam,
364 1365 566 1454 placentem
592 1362 677 1436 Deo
706 1363 968 1437 rationabiliter
991 1359 1172 1460 offerunt,
1198 1359 1235 1434 bt

166 1465 283 1558 legem
299 1460 576 1554 sacrificiorum,
595 1483 672 1554 quae
690 1464 727 1536 in
744 1465 916 1537 Levitico
933 1459 1090 1548 letacii,
1109 1459 1236 1534 secun·

166 1564 251 1636 dum
266 1559 457 1655 spiritalem
474 1564 746 1656 intelligentiam
765 1565 963 1664 complent.
991 1561 1105 1634 Verbi
1121 1557 1236 1643 causa,

165 1677 209 1735 ut
231 1663 280 1735 ibi
307 1659 512 1752 offerebant
538 1663 691 1735 vitulum
717 1666 836 1756 primo
857 1666 968 1755 loco,
995 1663 1055 1733 vel
1077 1657 1235 1732 secundo

165 1763 335 1853 arietem,
347 1840 352 1850 ,
363 1775 424 1834 aut
439 1763 550 1834 tertio
567 1763 725 1856 hircum,
752 1777 813 1835 aut
829 1775 961 1855 quarto
979 1774 1149 1850 turtures,
1171 1755 1235 1834 vel

165 1861 419 1954 etiampullos
445 1863 715 1951 columbarum,
741 1862 845 1936 utin
871 1863 924 1936 his
949 1861 1234 1964 uuiuscujusque

163 1957 542 2053 animalpurrfrcaretur
557 1981 626 2053 pro
638 1962 808 2050 qtralitate
817 1959 1021 2056 gestorum
1048 1961 1235 2034 haecuunc

163 2062 203 2136 in
219 2057 282 2134 suo
299 2080 459 2155 corpore
473 2063 717 2152 unusquisque
732 2059 983 2153 potificem&
998 2059 1142 2154 spiritali
1159 2055 1237 2134 seu·

163 2161 204 2234 su
222 2159 447 2234 discernens,
465 2161 669 2233 rationabili
689 2159 863 2252 obsequio
880 2161 1067 2235 viventem
1083 2156 1235 2238 bostiam

164 2257 278 2342 offert
294 2257 391 2334 Deo.
434 2260 492 2334 De
514 2263 640 2351 quibus
659 2260 821 2355 singulis,
848 2281 928 2336 cum
943 2262 980 2334 in
997 2259 1145 2334 Librum
1164 2257 1237 2332 Le·

165 2360 267 2434 vitici
286 2359 400 2449 aliqua
416 2361 633 2444 diceremus,
661 2380 730 2450 pro
748 2360 885 2456 viribus
908 2360 1101 2452 explanare
1116 2370 1235 2431 tenta·

163 2461 302 2550 vimus,
340 2459 528 2550 quomodo
556 2462 803 2551 unusquisque
827 2459 1032 2532 rationabili
1058 2456 1233 2550 obsequio

164 2560 282 2634 cultus
307 2556 375 2631 Dei
388 2612 407 2656 2
426 2556 451 2631 sr
468 2556 664 2652 superbiam
681 2559 848 2652 corporis
866 2556 915 2632 sui
933 2561 1077 2649 vincat,
1104 2560 1233 2636 immo.

162 2663 218 2732 let
233 2660 405 2744 vitulumc
432 2656 456 2731 sr
473 2658 687 2731 iracundiam
705 2656 870 2754 superet,
897 2657 1046 2730 arietem
1066 2658 1231 2751 jugulet;

160 2759 190 2844 [ι
211 2758 392 2834 libidinem
413 2759 555 2846 vincat,
582 2760 619 2830 in
644 2756 894 2832 holocaustum
916 2754 1049 2829 offerat
1070 2758 1231 2844 hircum

162 2861 189 2934 sr
209 2877 321 2953 vagos
336 2857 369 2928 tr
387 2858 548 2930 lubricos
565 2858 829 2952 cogitationum
847 2853 983 2930 resecet
1000 2857 1159 2947 volatus,
1169 2876 1233 2938 σος

162 2961 301 3033 lumbes
318 2957 350 3028 δι
367 2971 524 3030 turtures
537 2958 711 3031 immolet
737 2955 807 3030 Sed
823 2957 916 3045 haec,
942 2956 1087 3048 utdixi,
1112 2955 1136 3030 li
1154 2957 1234 3047 quis

165 3057 255 3132 scire
269 3058 413 3150 dignum
429 3070 552 3149 putat,
578 3059 628 3129 ibi
643 3057 749 3128 latius
768 3054 907 3130 differta
922 3058 1092 3150 reperiet.
1119 3055 1232 3134 Nunc

166 3173 286 3230 eutem
303 3156 431 3228 Paulus
454 3155 619 3231 obsecrat
642 3158 831 3230 credentes
847 3158 884 3230 in
902 3153 1067 3248 Christo,
1094 3171 1133 3228 ut
1152 3175 1235 3229 cor·

167 3276 260 3351 pora
277 3254 334 3330 sua
353 3258 548 3334 exhibetur
567 3257 697 3354 lolliam
714 3265 902 3343 viventem,
921 3255 1088 3345 santiam,
1110 3258 1235 3352 placen·

168 3375 231 3428 rem
247 3355 331 3430 Deo.
383 3357 581 3430 Viventem
599 3357 687 3428 dicit
701 3355 874 3447 hostiam,
900 3377 979 3447 quae
998 3356 1130 3442 vitam,
1158 3356 1234 3429 hoe

166 3456 240 3549 est,
268 3452 443 3528 Christum
466 3457 504 3529 in
529 3454 564 3529 se
588 3457 699 3553 gerit,
725 3457 759 3529 tr
782 3457 887 3529 dicit:
914 3461 1062 3528 Mortem
1090 3457 1171 3551 Jesu
1197 3461 1237 3526 ln

168 3577 290 3651 corpore
307 3553 692 3652 nrisirccircumfcrimur,
728 3573 764 3627 ul
787 3557 826 3632 U
851 3562 923 3626 vila
950 3556 1030 3651 Jcsc
1055 3555 1174 3654 Chrijic'
1197 3560 1236 3624 in

169 3681 289 3750 corpore
303 3656 404 3751 nolim
419 3657 645 3752 manrfflcntr.
696 3653 983 3747 sanctimonie,
1009 3659 1047 3728 in
1069 3677 1137 3747 qua
1162 3650 1238 3728 san·

170 3756 246 3829 olus
261 3757 411 3848 Spiritus
427 3755 586 3845 habitat,
610 3753 803 3829 secundum
820 3756 918 3848 quod
940 3758 977 3828 in
995 3756 1066 3829 alio
1082 3757 1169 3829 loco
1189 3755 1241 3829 di·

169 3860 244 3950 iljt:
271 3859 327 3927 An
344 3856 490 3943 nescitis,
516 3852 594 3953 quio
609 3854 758 3950 templum
777 3860 841 3926 Del
855 3858 941 3951 ellit,
969 3856 1007 3930 (Ὗ
1017 3860 1160 3953 Spt'rcltcs
1173 3858 1239 3927 Dec‘
1292 3933 1297 3952 Ι

169 3959 300 4035 latitat
319 3960 357 4032 in
374 3952 487 4048 uelis?
529 3955 736 4131 PiscentEem
753 3954 868 4056 Deo,
889 3970 1022 4055 utpote
1042 3978 1061 4031 a
1079 3951 1239 4129 peccgtis
1301 3979 1308 4092 i

712 4077 784 4154 θ’4
