2825 4559
82 4014 84 4018 ·
138 4075 175 4151 ι
217 3975 295 4061 risit
310 3983 417 4083 Jesus
442 3980 619 4054 Christus:
645 3980 679 4054 dt
701 3978 745 4053 ad
765 3979 943 4074 Moysen,
970 3981 1030 4073 qui
1055 3982 1089 4054 dr
1113 3983 1191 4080 ipse
1211 3985 1293 4077 post

228 341 309 425 ,53
404 272 1134 438 onroon1sqonnnurna.
1273 372 1278 382 ,

222 495 469 592 ”dumuDeum
496 507 636 569 creatus
661 493 736 583 'est3
762 495 796 567 dt
818 503 874 595 qui
895 513 1067 568 renovatur
1089 502 1125 567 in
1143 500 1306 591 agnitione

223 589 332 691 ³²Dei,
355 597 522 685 liconiam
539 601 705 690 imaginem
721 600 809 694 ejus,
835 603 892 694 qui
907 608 1031 670 creavit
1045 623 1126 672 eum.
1171 596 1305 690 Neque

222 698 334 772 'enim
349 696 601 789 putes‚··quod
616 697 810 768 innovatio
827 700 934 788 vitae,
962 717 1039 787 quae
1054 699 1183 769 dicitnr
1200 673 1308 769 sdnel

224 795 346 888 'taum
362 795 529 882 sufficiat,
556 794 615 868 sed
635 794 771 889 sempor
788 795 821 866 dr
837 798 999 887 quotidie
1017 797 1061 893 (st
1078 797 1145 869 dici
1162 795 1305 890 potest)

226 895 311 993 ‘ipse
325 897 471 970 novitas
488 897 698 969 innovanda
713 893 775 971 est.
801 894 860 968 Sic
879 901 971 971 enim
990 897 1077 969 dicit
1086 894 1306 990 Apostolus:

238 1003 330 1076 Nom
345 1000 382 1071 ss
390 996 420 1090 fi
432 1000 460 1065 ir
474 1001 538 1092 ,qui
548 995 637 1092 foris
656 997 697 1089 esi
710 997 800 1066 domo
814 998 914 1093 noster
929 1002 1162 1091 corrumpitur,
1177 998 1229 1083 sed
1248 1002 1304 1091 qui

230 1091 332 1171 ‘intus
347 1096 387 1191 esi
402 1096 624 1166 renovatoris
639 1095 740 1166 disin
753 1096 841 1167 ditm.
870 1096 971 1169 Sicut
987 1099 1079 1187 enirn
1096 1111 1203 1167 vetus
1221 1095 1306 1168 sem·

237 1220 304 1294 per
320 1193 533 1283 veterascit,
560 1194 593 1268 dr
616 1197 661 1268 de
685 1179 805 1292 diein
827 1196 920 1269 diem
938 1191 1117 1269 vetu'stior
1139 1194 1304 1287 efficitur,

230 1297 337 1374 ita&
356 1315 475 1367 novus
492 1295 552 1366 hic
567 1291 707 1389 semper
724 1298 943 1386 innovatur,
971 1296 1008 1380 drv
1030 1314 1213 1387 nunquam
1239 1294 1304 1387 est,

237 1396 383 1493 quando
399 1415 475 1467 non
488 1389 683 1468 innovatio
699 1397 776 1488 ejus
791 1393 966 1492 augescat.
987 1397 1134 1486 intuere
1152 1394 1307 1485 denique

232 1489 323 1602 eos,
344 1495 410 1585 qui
429 1495 466 1565 in
483 1490 556 1590 lide
571 1491 794 1594 proficiunt,
820 1495 854 1567 dr
873 1493 1034 1587 quotidie
1051 1495 1089 1566 in
1110 1496 1307 1566 virtutibus

231 1593 437 1690 enitescunt
463 1593 653 1694 quomodo
670 1592 807 1711 semper
821 1595 927 1668 bonis
946 1594 1116 1692 operibus
1134 1594 1308 1686 adjiciunt

231 1698 411 1784 meliora,
440 1648 474 1764 dt
496 1683 657 1792 honestis
679 1691 814 1784 adibus
841 1691 1049 1767 honestiora
1071 1696 1306 1784 conquirunt,

236 1794 425 1889 'quomodo
442 1793 481 1863 in
497 1791 702 1884 intelleitu,
728 1795 764 1865 in
783 1792 927 1867 scientia
944 1789 1186 1887 sapientiaque
1202 1791 1308 1867 dites·

236 1883 346 1987 eunt,
374 1893 408 1964 dt
434 1911 497 1984 ea,
523 1911 600 1983 quae
618 1903 702 1966 ante
719 1893 835 1965 minus
853 1896 956 1987 plana
973 1893 1015 1964 ad
1033 1893 1308 1989 intelligendum

231 1995 479 2075 videbantur,
520 2004 646 2084 aperta
670 1990 899 2085 postmodum
925 1992 1151 2082 dilucidaque
1177 1991 1310 2088 perspi·

235 2087 350 2192 diunt.
377 2089 426 2162 Et
441 2087 565 2163 vided
582 2109 661 2163 non
678 2094 786 2162 rebus
802 2091 883 2184 ipsss
898 2090 1308 2182 hujusmodihominem

232 2190 402 2286 quotidie
416 2188 547 2262 dixeris
561 2190 755 2282 innovari,
781 2190 870 2263 deut
887 2213 908 2264 e
926 2193 1134 2282 contrario,
1160 2205 1202 2264 ut
1218 2194 1308 2266 dixi·

234 2285 387 2384 'mus,s1
408 2292 485 2381 quis
503 2303 611 2361 vetus
629 2287 721 2362 efficl
735 2292 906 2384 coeperit,
930 2288 1103 2383 proficiet
1126 2292 1162 2363 ln
1187 2290 1306 2386 pe'jus,

232 2393 269 2467 dr
287 2387 666 2484 quotidiovetustior',
692 2389 727 2460 dr
750 2387 937 2484 semetipso
962 2390 1123 2481 deterior
1143 2392 1306 2464 invenie·

230 2505 306 2592 tur.
344 2491 384 2563 ln
402 2488 572 2564 novitate
586 2508 675 2583 ergo
695 2489 781 2561 vita
801 2490 1045 2577 ambulemus,
1071 2488 1304 2565 ostendentes

234 2588 550 2681 nosmetipsosei,
571 2590 714 2681 quinos
734 2609 815 2663 curo
833 2585 974 2662 Christo
992 2588 1197 2683 suscitavit,
1214 2612 1304 2682 quo-

222 2689 324 2786 ,iidie
341 2709 484 2779 novos,
513 2688 568 2778 dr„
594 2704 635 2759 ut
655 2688 705 2760 ita
726 2689 896 2777 dixerim,
922 2690 1166 2782 pulchriores,
1193 2692 1305 2764 deco·

233 2813 310 2866 rem
325 2791 448 2859 vultus
464 2784 576 2858 nostri
590 2788 627 2860 in
644 2784 787 2860 Christo
803 2801 968 2880 tanquam
985 2790 1021 2860 in
1038 2786 1184 2880 speculo
1201 2795 1303 2864 colli·

235 2884 376 2987 gentes,
394 2889 425 2955 dr
441 2887 477 2972 in
495 2882 571 2976 ipso
587 2886 737 2980 gloriam
755 2885 903 2960 Domini
918 2886 1139 2978 speculantes
1154 2889 1190 2960 in
1205 2910 1302 2964 eam·

234 2993 314 3065 dem
332 2987 519 3080 imaginem
536 2983 854 3078 transformemur,
882 2990 962 3078 quia
979 2985 1137 3061 Christus
1154 2986 1300 3084 surgens

235 3087 438 3171 amortuis,
466 3085 509 3156 ab
525 3082 727 3158 humilitate
743 3098 885 3159 terrena
914 3087 956 3156 ad
973 3088 1122 3181 gloriam
1142 3103 1300 3182 paternae

232 3185 421 3282 majestatis
438 3182 607 3259 ascendit.
639 3183 710 3256 Sed
726 3185 864 3277 adhuc,
891 3185 990 3275 quod
1010 3188 1120 3278 dixit,
1150 3191 1299 3270 innovi-

104 3346 116 3367 „
231 3306 300 3370 rate
316 3296 394 3357 vita
412 3285 619 3367 ambulemus,
642 3284 751 3365 vide,
784 3304 832 3358 ne
854 3284 952 3358 sorte
981 3285 1186 3377 mysterium
1211 3290 1299 3363 illud

231 3388 419 3475 ostendat,
442 3383 561 3477 quod,
578 3382 697 3456 donec
715 3381 882 3476 proficiat
897 3386 989 3476 quis,
1011 3385 1190 3460 ambulare
1206 3391 1300 3462 dica·

114 3500 117 3506 ’
228 3503 300 3566 tur.
332 3484 552 3559 Nectamen
570 3484 767 3575 putandum
782 3482 853 3575 est,
881 3487 979 3575 quod
996 3482 1067 3557 sure
1083 3483 1156 3558 line
1173 3483 1296 3561 ambu-

229 3594 304 3663 lare
318 3588 475 3676 dicatur,
496 3581 554 3653 sed
568 3583 694 3655 venire
710 3584 905 3673 aliquano'o
922 3583 964 3655 ad
980 3604 1060 3658 eum
1077 3587 1199 3659 locum
1216 3610 1296 3681 eos,

229 3690 288 3782 qui
307 3690 344 3759 in
360 3687 412 3757 his
427 3679 650 3777 profedibus
668 3683 873 3770 ambulant,
900 3685 960 3756 ubi
980 3682 1139 3772 standum
1157 3687 1209 3760 srt.
1237 3689 1297 3760 Sic

228 3790 384 3876 deniquo
407 3786 523 3876 primo
546 3782 694 3871 martyri
715 3781 924 3875 Stephano,
953 3785 1010 3873 qui
1025 3784 1097 3874 jam
1113 3786 1158 3866 ,ad
1175 3788 1295 3877 perse-

226 3887 355 3961 iiionis
373 3895 525 3954 venerat
541 3881 706 3974 gradum,
734 3878 827 3953 stans
846 3880 1012 3954 adextris
1028 3883 1172 3971 virtutis
1189 3907 1295 3980 appa·

1151 4086 1239 4158 mul·
