2825 4559
602 185 615 226 h

139 281 153 308 N
221 331 280 411 m
310 283 974 424 urrsu'nnnonrnumru.
999 313 1101 408 vin
1155 332 1225 425 ιιι
1264 333 1268 368 ¹
1309 348 1313 357 ·

163 498 312 571 videtur
331 511 528 586 exponere,
578 488 656 564 Nifi
674 490 698 564 sn
718 492 795 583 quis
813 489 911 565 forte
928 492 1023 565 dicat
1043 492 1229 586 hyperbo-

162 601 236 673 lice
250 597 326 668 haec
341 591 557 683 Apostolum
577 590 719 684 dicere,
746 591 820 664 hoc
844 589 915 673 est,
939 613 1015 665 non
1032 591 1229 683 solumper
1249 639 1255 648 -

165 719 227 790 en,
246 716 323 785 qua
337 692 501 764 accidere
518 688 681 783 poliunt,
709 688 767 763 sed
781 711 828 763 ne
843 712 907 783 per
922 713 963 764 ea
979 693 1133 792 quidem,
1152 711 1240 784 qum

166 797 318 872 evenire
332 793 481 865 omnino
497 810 573 863 non
590 788 735 881 poliunt
743 842 760 881 „
781 793 858 863 ullo
870 787 975 884 patio
994 812 1014 861 a
1029 789 1099 864 Dei
1118 792 1232 892 chapi-

167 908 244 969 tatc
261 890 500 966 deficitimur:
528 889 630 962 verbi
650 888 765 982 causa,
783 890 864 963 utsr
881 892 946 962 alia
964 892 1070 964 nobis
1084 891 1231 962 daretur
1269 939 1271 944 -

166 998 266 1086 vita,
294 1011 397 1085 quam
420 990 518 1079 hac,
546 1009 624 1081 quae
642 1010 662 1061 a
678 988 763 1062 Deo
778 991 858 1062 data
871 990 945 1076 est,
970 1004 1032 1062 aut
1048 990 1073 1063 s1
1090 989 1231 1061 futuro·

168 1115 248 1169 sum
264 1091 340 1185 spes
360 1090 425 1162 alii
442 1090 550 1162 nobis
566 1090 951 1184 promitteretumvel
967 1088 1144 1181 altitudo,
1170 1088 1234 1164 vel
1261 1091 1264 1100 '

169 1197 278 1269 etiam
297 1203 459 1264 creatura
477 1190 671 1280 alia,‚quam
689 1188 740 1261 est
758 1192 919 1280 illa‚quae
937 1210 1010 1281 pro
1024 1189 1129 1278 nobis
1146 1207 1237 1260 con·

169 1290 390 1392 gemiscit&
413 1287 590 1361 condolet
615 1288 736 1383 (quod
757 1286 836 1361 fieri
854 1291 980 1380 utique
997 1308 1074 1360 non
1092 1283 1235 1382 potest)

171 1416 219 1468 ne
236 1392 312 1466 hac
332 1388 474 1479 quidem
493 1409 513 1457 a
531 1388 705 1462 charitate
723 1387 791 1459 Dei
815 1387 975 1478 separare
992 1407 1062 1460 nos
1081 1384 1238 1479 possent.

171 1491 237 1567 Est
254 1509 343 1587 ergo
358 1488 419 1561 hic
432 1506 523 1559 unus
541 1485 777 1579 expofitionis
792 1488 934 1561 modus.
971 1486 1168 1562 Videamus
1184 1502 1239 1558 ta·

173 1613 280 1684 men,
313 1609 360 1662 ne
385 1586 482 1660 forte
505 1587 610 1680 poiht
638 1587 746 1661 etiam
772 1586 835 1660 iste
863 1585 1064 1662 intelleiius
1087 1586 1238 1660 admitti.

175 1698 294 1776 Mars,
320 1706 423 1779 quam
439 1685 498 1757 hic
513 1686 624 1778 dicit,
649 1683 712 1759 ille
730 1687 958 1777 accipiendus
975 1685 1046 1775 est,
1066 1684 1240 1777 quemsu·

176 1811 243 1884 pra
259 1784 487 1882 exposuimus
503 1785 686 1859 inimicum
704 1784 833 1858 Christi
851 1784 1101 1860 destruendum
1122 1781 1242 1858 novis·

175 1889 299 1968 fimum
313 1886 396 1959 dici.
424 1884 498 1981 Qui
516 1886 641 1976 utique
655 1897 850 1977 propterea
867 1905 965 1960 mors
982 1886 1135 1973 dicitur,
1159 1886 1243 1976 quia

175 1989 269 2066 sicut
283 1990 360 2060 hec
375 1987 574 2059 communis
591 2004 690 2058 mors
714 1988 863 2059 animam
881 1985 1018 2078 separat
1034 2006 1052 2054 a
1068 2003 1243 2076 corpore,
1274 2051 1276 2055 ,

177 2087 281 2164 ita&
299 2087 358 2161 ille
377 2084 570 2160 contendit
587 2084 736 2158 animam
755 2084 916 2177 separare
933 2107 952 2157 a
971 2085 1143 2157 charitate
1154 2082 1245 2156 Deis

182 2189 218 2263 da
232 2188 309 2262 haec
325 2186 450 2273 utique
464 2181 514 2256 est
533 2183 656 2259 animae
673 2204 783 2258 mors.
831 2181 953 2260 Potest
970 2204 1059 2279 ergo
1078 2180 1176 2271 fieri,
1201 2194 1246 2256 ut

181 2289 227 2365 [ιι
250 2287 283 2358 dt
308 2285 424 2374 aliqua
446 2285 522 2354 vita
545 2282 590 2355 de
607 2297 710 2378 parte
725 2284 841 2375 iilius,
868 2306 946 2375 quae
964 2304 1044 2358 curn
1063 2282 1140 2377 ipso
1158 2284 1246 2377 agit,

182 2402 227 2459 ut
242 2404 310 2459 nos
328 2406 347 2455 a
363 2382 537 2455 charitate
555 2382 694 2474 separet
711 2382 802 2461 Dei:
832 2403 910 2474 qua
928 2381 979 2455 est
999 2384 1075 2453 vira
1094 2383 1248 2473 peccati.

183 2483 260 2565 Nisi
276 2483 369 2555 enim
385 2483 475 2555 maia
490 2478 577 2553 ellat
591 2483 667 2554 haec
682 2483 780 2573 vita,
807 2502 987 2573 nunquam
1005 2503 1073 2555 nos
1088 2480 1252 2554 suaderet
1310 2539 1329 2576 .‚

184 2582 409 2677 Apostolus,
435 2594 477 2651 ιιι
494 2600 718 2655 moreremur
732 2581 944 2674 peccato,&
962 2583 998 2654 in
1014 2593 1134 2654 morte
1151 2580 1254 2658 Chri·

184 2684 229 2763 sti
249 2682 532 2774 baptizaremur,
559 2679 591 2750 dt
611 2678 911 2773 consepeliremur
922 2683 966 2755 ei.
1019 2678 1142 2754 Potest
1160 2699 1251 2774 ergo

186 2783 288 2873 fieri,
313 2796 355 2854 ut
374 2780 450 2853 haec
471 2780 547 2851 vita
563 2780 705 2870 peccati
721 2781 776 2870 fir,
795 2802 872 2871 quae
889 2802 958 2856 nos
974 2782 1073 2874 cupit
1091 2778 1253 2870 separate
1272 2801 1274 2806 ·

188 2883 402 2956 acharitate
419 2877 499 2953 Dei.
548 2876 630 2973 Ego
657 2892 775 2953 autem
802 2897 915 2974 puto,
942 2878 1096 2972 quod&
1120 2879 1256 2975 singula

190 3001 343 3075 queque
369 2991 519 3072 peccata
544 2978 700 3051 habeant
725 2981 875 3069 aliquam
901 2981 1013 3055 vitam
1041 2977 1134 3051 suam
1159 2981 1256 3053 intra

190 3102 279 3158 nos:
314 3099 396 3152 nam
429 3077 713 3167 unumquodque
744 3081 873 3152 vitium
906 3082 983 3154 vita
1016 3081 1158 3171 peccati
1191 3079 1254 3156 esta

192 3183 343 3277 Quanto
368 3198 454 3273 ergo
480 3180 581 3268 plura
607 3177 700 3250 intra
720 3198 788 3249 nos
816 3180 905 3252 vitia
924 3179 1258 3273 deprehenduntur,

192 3293 299 3353 tanto
312 3279 438 3368 ‘plures
457 3274 526 3348 elle
546 3290 779 3369 peccatorum
799 3278 883 3348 vitat
898 3282 1117 3353 videbuntur
1136 3276 1173 3349 in
1189 3298 1259 3352 no·
1333 3335 1336 3344 ,

190 3381 260 3455 bis.
303 3373 674 3468 Etproptereaforte
692 3374 823 3452 diuum
841 3375 903 3455 stt:
928 3378 1261 3478 quiamelicreflmr'·
1334 3374 1337 3382 ’

188 3478 357 3575 [srimrdia
373 3493 430 3546 lun
440 3474 535 3569 super
549 3480 651 3552 viter.
745 3543 748 3548 .

271 3580 384 3672 Neque
401 3574 533 3667 Angeli,
559 3599 656 3671 neque
668 3580 887 3672 principatus,
909 3600 1008 3673 nsque
1022 3585 1176 3656 virtutes.
1215 3577 1259 3653 Iu

196 3691 372 3776 promptu
399 3672 449 3751 est
473 3674 554 3745 illos
580 3671 742 3769 Angelos
768 3679 990 3773 intelligere,
1023 3682 1150 3771 quibus
1170 3682 1262 3777 ignis

197 3791 351 3858 aeternus
369 3796 388 3848 a
403 3773 592 3847 salvatore
609 3792 691 3846 cum
710 3774 868 3848 Diabolo
885 3777 1014 3848 dicitur
1028 3797 1262 3874 praeparatura

197 3877 420 3973 principatus
440 3886 558 3945 autem
577 3871 611 3944 dt
629 3873 798 3966 uirtutes,
816 3877 891 3948 illas
909 3874 981 3948 srne
998 3878 1122 3962 dubio,
1139 3880 1266 3951 adver·

197 3976 275 4056 sum
296 3994 382 4070 quas
395 3973 503 4078 nobis
521 3986 703 4054 certamen
716 3972 792 4155 ist:
817 3976 878 4050 vel
890 3976 975 4051 illos
992 3979 1213 4071 principatus
1230 3982 1268 4088 q
1334 4027 1337 4034 -

775 4093 818 4175 5»
1123 4091 1244 4173 pota·
