2825 4559
222 247 285 378 ni
309 293 484 418 arram
510 287 589 374 ao
613 291 846 374 nonan.
868 291 972 378 tra.
999 265 1077 376 rra
1132 242 1235 414 122¹

129 462 329 540 eoniistunt
378 458 497 554 &ipse
513 459 563 534 est
580 461 721 546 vitaer
741 480 808 551 qua
823 478 949 534 omnes
966 457 1214 553 vivunt,'ita·
1232 537 1235 554 ,

131 568 166 637 δι
179 561 256 657 ipse
272 563 323 637 est
338 516 410 653 ier,
424 584 469 633 ex
487 582 555 651 qua
570 580 697 635 omnes
716 561 752 631 in
770 563 847 656 lege
863 559 953 635 sunt.
979 559 1095 635 Venit
1106 563 1211 658 ergo¹
1255 650 1257 655 Ι

133 665 179 738 ad
197 663 394 754 judicium,
419 683 496 734 non
521 673 689 752 tanquam
717 661 776 750 qui
799 663 836 732 io
853 661 933 757 lege
953 660 1016 751 fit,
1040 661 1099 733 sed
1121 677 1215 743 tau·,
1286 732 1297 758 ἢ

114 785 240 856 ¹quarn
260 764 394 855 quilex
410 759 461 834 srt.
489 759 568 854 Ego
584 777 703 838 autern
720 773 833 850 puto,
859 760 957 850 quod
975 760 1026 851 hi,
1053 763 1114 852 qui
1126 761 1201 853 jam
1232 759 1237 776 '

94 893 97 898 ·
133 860 283 959 perfeiti
301 855 403 950 sunt,
424 861 458 932 ἃ
478 859 638 932 Domino
655 859 837 953 coniuniti
854 874 944 931 unua
960 857 1100 951 spiritua
1117 879 1215 936 eum-

131 959 211 1055 ipso
228 956 347 1036 effesti
363 955 465 1047 sunt,
495 980 562 1032 nec
581 959 641 1052 ipsr
658 963 694 1032 in
712 961 791 1053 lege
807 951 904 1041 sunt,
929 955 989 1031 sed
1010 963 1119 1058 magis
1135 957 1201 1054 ipsa

131 1062 216 1138 sunt
227 1062 398 1152 lennem
413 1059 445 1131 δι
461 1061 545 1132 alibi
561 1060 656 1138 idem
665 1054 867 1151 Apostolus
878 1059 983 1130 dicit:
1009 1055 1102 1154 Qum
1116 1060 1201 1158 jafie

130 1166 184 1235 lex
201 1187 267 1231 nan
285 1163 325 1257 esi
335 1160 444 1257 pofita.
472 1162 544 1251 ita,
571 1161 780 1255 Quacumque
796 1159 849 1230 lex
864 1162 1026 1255 quuitur,
1053 1167 1115 1250 iis,
1141 1165 1199 1257 qui

131 1264 245 1355 irt'lege
255 1261 356 1352 sunt,
380 1263 546 1356 loquerer,
573 1280 711 1330 utemne
728 1284 760 1328 as
777 1255 976 1353 obstruatur,
1006 1255 1200 1334 secundum

132 1386 197 1455 ea,
222 1355 415 1453 quaevsupra
432 1357 603 1447 diximus,
631 1378 669 1428 ur
682 1360 826 1448 subditas
835 1345 1031 1453 fiaa‚‘vel,
1057 1374 1099 1432 ut
1115 1357 1201 1434 alibi
1248 1357 1252 1375 “

132 1466 305 1559 legimus,
331 1462 478 1542 obnoxius
486 1456 553 1550 stol
568 1465 672 1528 omnis
692 1461 825 1529 mundus
844 1464 933 1550 Dea,
960 1459 1111 1552 quod&
1129 1478 1201 1534 mt-
1298 1475 1303 1507 ³

132 1566 185 1660 gis
205 1583 285 1636 cum
304 1559 438 1633 Graecis
455 1560 718 1652 exemplaribus
736 1560 925 1634 conventa.
960 1560 1030 1633 Sed
1046 1560 1202 1651 requira-

132 1684 237 1754 mus,
263 1682 408 1736 omnem
428 1660 599 1732 mnndum
618 1659 676 1732 hic
700 1660 783 1749 quid
802 1659 1048 1752 appellaverit.
1101 1661 1202 1734 Num
1240 1710 1242 1716 -

134 1763 301 1854 quidnam
321 1760 507 1853 putabitur
528 1781 592 1850 per
614 1759 948 1833 omnemmundum
969 1760 1020 1832 ita
1039 1772 1221 1833 terreoua'

133 1862 196 1936 hic
211 1862 344 1932 debere
360 1857 511 1952 intelligi
528 1859 654 1950 locus,
680 1874 721 1930 ut
738 1859 771 1929 ἃ
787 1860 958 1948 arbores,
986 1860 1020 1931 ἀ
1044 1859 1203 1951 lapidea,
1264 1863 1269 1871 “

136 1959 329 2052 itheriam,
355 1979 396 2031 ac
415 1958 563 2042 semina,
591 1960 770 2051 &paleae,
797 1979 875 2049 quae
891 1957 925 2029 in
942 1958 1018 2050 ipso
1039 1952 1129 2045 sunt,
1144 1979 1205 2051 pa·

132 2058 224 2134 riter
241 2057 435 2134 nominata
450 2057 542 2131 sant?
567 2055 690 2131 Partes
709 2053 805 2133 eninr
824 2060 946 2131 mundi
967 2059 1042 2131 hac
1058 2053 1126 2130 elle
1140 2058 1206 2132 san·

134 2163 219 2258 gula
244 2157 425 2234 videntur.
475 2153 566 2230 Non
582 2158 738 2229 arbitror
756 2160 805 2231 ita
820 2160 1023 2251 quempiam
1042 2159 1207 2250 ineptum

133 2260 358 2341 invenirint
374 2257 451 2331 haec
467 2253 571 2349 pollit
589 2254 751 2330 asserere.
780 2256 903 2331 Restat
916 2260 1045 2355 igitur,
1071 2274 1112 2330 ut
1130 2278 1209 2342 om·

134 2379 219 2436 nem
240 2359 410 2433 mundum
436 2379 544 2430 omne
561 2360 739 2430 rationale
756 2359 885 2430 animal
909 2359 1023 2431 dicat:
1061 2358 1095 2431 ὰ
1119 2358 1209 2432 ficut

136 2481 265 2543 omne,
292 2459 390 2550 quod
405 2455 613 2530 irrationale
630 2457 699 2540 est,
725 2455 905 2549 excipitur
933 2461 976 2531 ab
996 2457 1069 2531 hoe
1091 2453 1207 2552 sensu,
1235 2529 1238 2534 ,
1277 2497 1299 2510 --

133 2563 193 2656 ἰῑιΙΙ
212 2560 310 2632 nulla
335 2552 421 2632 mibi
446 2552 591 2630 videtur
618 2557 662 2629 ab
688 2558 757 2631 hac
783 2558 998 2635 conditione
1023 2559 1209 2633 rationalis

135 2672 301 2733 ereatura
319 2652 466 2742 secerni.
521 2655 648 2742 Omnis
673 2665 761 2750 ergo
784 2656 937 2730 mundus
965 2657 1147 2733 obnoxius
1165 2652 1219 2732 fit

136 2762 226 2834 Deo
253 2775 317 2851 per
341 2755 436 2847 hoc,
464 2755 561 2847 quod
579 2757 693 2849 legem
712 2757 908 2831 naturalem
928 2753 1075 2829 inseruit
1093 2760 1212 2833 omni·

136 2861 226 2934 bus:
253 2860 297 2931 de
324 2855 450 2948 quibus
477 2855 562 2927 &in
579 2852 650 2927 aiio
666 2857 755 2928 loco
778 2854 887 2949 dicit,
915 2858 997 2947 qula
1021 2863 1058 2927 in
1082 2865 1213 2931 nomina

142 2945 226 3057 Jesu
243 2982 331 3028 amna
342 2981 421 3049 genu
430 2953 582 3051 stellatur
595 2956 776 3054 caelestium,
802 2956 995 3053 terrestrium
1011 2956 1051 3036 U
1065 2955 1213 3052 inferno·
1297 3026 1305 3041 ,

138 3083 223 3131 ram.
235 3055 348 3156 Quod
365 3055 491 3147 utique
505 3053 529 3127 lt
543 3053 869 3150 iaciat‚complelle
884 3047 1067 3130 videbitur
1080 3059 1213 3155 legemr
1230 3126 1231 3131 ,

139 3154 256 3232 sinon
276 3150 407 3245 faciat,
432 3151 502 3227 effe
531 3156 714 3229 obnoxius
741 3156 833 3252 legi:
859 3177 924 3248 per
950 3160 1066 3254 legem
1093 3174 1226 3234 autem.

141 3250 407 3347 consequenter
425 3252 459 3325 &
476 3254 572 3328 Deo.
606 3250 642 3327 Si
659 3257 717 3329 cul
735 3276 828 3327 vero
846 3254 891 3327 de
908 3249 995 3330 solit
1009 3258 1215 3332 nomnibus

139 3349 216 3432 hoc
233 3355 416 3429 videbitur
434 3352 587 3444 ditium,
616 3355 713 3444 quod
734 3353 900 3451 &legem
913 3358 1112 3433 naturalem
1134 3356 1215 3452 ipsu

141 3448 254 3532 inerte
280 3452 432 3545 dixerit,
460 3453 492 3527 ἃ
510 3454 554 3526 de
572 3451 653 3527 solia
670 3452 753 3546 ipils
770 3453 939 3548 scriptum
954 3458 1128 3551 accipiat:
1169 3458 1216 3531 Ut

143 3581 232 3630 amm
256 3575 288 3625 or
306 3555 503 3649 obliteratur,
531 3553 570 3626 (θ’
590 3554 741 3624 obnoxius
756 3557 822 3643 flat
842 3560 946 3627 omnir
965 3560 1104 3628 munder
1126 3561 1240 3653 Dao‚'

142 3671 267 3744 utetur
293 3650 486 3750 occasione
505 3645 752 3744 subsequentis
776 3647 973 3749 sermonis,
1007 3675 1082 3750 quo
1109 3652 1216 3733 dicit:

145 3760 237 3852 Quia
254 3779 293 3848 aar
307 3752 445 3850 operibus
461 3753 536 3846 legis
554 3775 619 3822 nan
633 3754 859 3849 justificabitur
875 3763 975 3827 omnir
991 3784 1076 3835 cara.
1098 3752 1226 3855 Quod-

144 3849 422 3947 ntiquediilum
441 3850 625 3925 videbitur
644 3849 758 3927 dehis
779 3865 939 3948 tantum,
964 3857 1025 3948 ‚qui
1048 3858 1086 3928 in
1110 3877 1219 3933 carne
1326 3887 1335 3914 ι

143 3951 228 4036 sunt
240 3950 358 4047 positi.
386 3947 458 4026 Sed
478 3948 537 4043 qui
554 3950 716 4056 priorem
728 3951 865 4032 sensum
882 3949 992 4058 magia
1007 3970 1135 4036 tenete
1151 3977 1224 4033 ro·
1328 4033 1334 4042 ,

201 4058 350 4149 &nmis
372 4047 458 4128 Tim·
471 4049 560 4134 XVi
817 4051 896 4144 J'
1081 4057 1200 4152 lunt,=
