2825 4559
155 297 228 388 mr
319 243 1059 394 outueutseommuruTAm

163 453 261 548 quod
279 455 469 529 crediderit
483 453 588 549 Deo,
615 455 869 552 &reputatum
884 455 926 530 srt
942 460 974 531 ei
991 451 1228 549 adjustitiam,

164 555 326 647 noudum
343 557 521 652 Abrabam
539 558 763 647 vocabatur,
781 555 839 632 sed
853 556 986 631 Abram
1003 572 1081 631 erat
1095 575 1230 629 nomen

167 654 255 752 ejus.
307 655 439 730 Adhuc
456 656 551 728 enim
569 656 835 731 incircumcisus
850 660 1035 748 manebat,
1061 669 1103 728 ut
1124 657 1235 727 inter·
1253 709 1255 714 .

167 767 330 855 pretatur
346 751 560 850 Apostolus.
584 755 642 828 De
658 777 731 848 quo
748 757 923 847 aliquibus
939 756 1037 829 sorte
1052 755 1236 827 videbitur

169 874 271 931 error
292 856 328 928 in
352 856 612 946 exemplaribus
632 856 779 946 haberi,
805 856 904 947 quod
926 856 1032 930 facile
1054 853 1238 926 Abraham

169 974 239 1052 pro
257 955 391 1030 Abram
406 953 509 1028 scribi
530 957 704 1047 potuerit.
741 954 812 1029 Sed
829 957 908 1047 quia
927 956 1003 1027 haec
1022 953 1237 1029 existimatio

170 1055 293 1150 potius
311 1054 448 1127 ineerta
465 1052 536 1147 est,
552 1074 654 1145 quam
673 1051 774 1132 firma
791 1055 1028 1150 approbatio,
1054 1073 1123 1126 nos
1139 1072 1239 1126 corn·

171 1153 375 1252 pendiosrus
392 1149 692 1246 respondeamus,
720 1149 817 1247 quo'd
832 1152 1026 1228 observans
1037 1150 1241 1247 Apostolus

172 1251 384 1334 sententiam
406 1251 495 1344 Dei,
525 1254 585 1344 qui
602 1254 712 1326 dixitr
741 1258 824 1352 Jam
840 1279 905 1326 aren
920 1255 1060 1346 Abram,
1075 1252 1238 1340 sedAbta·

175 1355 249 1426 Iram
264 1361 327 1432 erit
342 1378 455 1422 nomen
469 1369 580 1443 tuum,
606 1355 803 1447 appellavit
820 1374 916 1427 nunc
933 1374 1035 1444 eum,
1052 1371 1129 1425 non
1147 1352 1244 1424 utin

173 1456 262 1535 loco
283 1450 430 1526 Genesis
449 1451 616 1548 scriptum
635 1452 707 1546 est,
734 1452 791 1546 sed
814 1468 858 1526 ut
881 1454 926 1526 de
950 1463 997 1526 eo
1024 1452 1243 1544 pronuncia·

176 1567 283 1633 uerat
300 1551 414 1626 Deus.
458 1554 550 1648 Quae
568 1554 662 1646 enim
682 1554 854 1628 divinitus
874 1553 1109 1648 sanciunt-ur,
1124 1549 1243 1624 obser·

177 1656 255 1725 vari
272 1654 308 1725 in
325 1652 505 1744 posterum
524 1653 713 1725 convenit.
767 1654 881 1746 Haec,
905 1664 1018 1746 prout
1044 1652 1243 1747 potuimus,

178 1752 217 1826 in
233 1753 323 1824 iocis
343 1768 413 1823 tam
432 1752 549 1825 arduis
570 1752 604 1824 de
625 1767 696 1825 tam
714 1750 914 1826 difficilibus
931 1754 1095 1847 prolata,
1121 1751 1146 1823 si
1166 1752 1248 1838 quis

179 1845 277 1930 sorte
294 1852 401 1925 animi
418 1849 531 1925 nostri
545 1848 697 1925 studium
716 1853 937 1942 consideret,
960 1850 1122 1949 ampledii
1141 1865 1247 1943 pote-

180 1953 239 2025 tit.
291 1950 327 2021 Si
350 1969 443 2023 vero
463 1947 709 2036 infirmitatem
728 1949 844 2036 sensus
862 1951 973 2026 nostri
995 1966 1123 2024 notare
1143 1952 1248 2040 velit,

182 2051 323 2126 veniam
340 2051 515 2144 petimus,
543 2051 574 2122 u
593 2054 639 2143 ei,
658 2052 716 2142 qui
731 2053 857 2128 melius
873 2054 918 2123 de
937 2052 991 2123 his
1008 2048 1171 2122 disserere
1187 2051 1249 2120 vel
1269 2119 1271 2124 .

181 2153 373 2241 explanare
393 2151 565 2240 potuerit,
574 2153 729 2224 libenter
745 2152 914 2226 cedimus.
927 2150 1009 2223 Nos
1025 2169 1115 2223 vero
1131 2149 1175 2220 ad
1191 2170 1248 2240 ea,

184 2270 260 2346 quae
277 2247 487 2342 sequuntur,
503 2246 596 2344 segni
614 2251 700 2325 licet
716 2247 831 2348 gressu
845 2254 1091 2332 convertimus
1107 2249 1250 2341 pedem.

259 2371 292 2443 3.
319 2352 398 2422 Non
414 2355 500 2420 enim
513 2369 568 2446 per
584 2352 675 2442 legem
698 2347 857 2446 promifflo
872 2351 1026 2435 Aeraria,
1057 2366 1114 2420 aut
1129 2350 1252 2439 semini

182 2446 270 2550 ujus,
295 2465 333 2521 art
349 2451 445 2528 heres
462 2446 531 2542 effe!
546 2452 678 2519 munds:
702 2452 755 2537 sed
767 2472 822 2546 per
833 2451 990 2550 jussissem
999 2453 1086 2541 fidei.
1164 2449 1251 2526 Hoc

182 2551 222 2624 in
237 2541 326 2622 loco
339 2549 435 2624 'mihi
456 2549 599 2625 videtur
622 2549 667 2622 de
684 2551 902 2645 iegoMoysr
919 2548 1118 2643 Apostolus
1136 2546 1252 2642 dispu-

183 2663 281 2731 tare,
307 2647 531 2739 &asserere‚
559 2649 657 2740 quod
682 2649 884 2742 promiffi0‚
912 2671 988 2741 quae
1016 2649 1104 2722 fassa
1130 2648 1180 2721 est
1208 2648 1252 2720 ad

183 2748 385 2837 Abraham,
407 2763 448 2824 ut
463 2749 705 2822 hereditatem
722 2751 863 2841 mundi,
889 2752 924 2821 id
940 2748 1004 2840 est,
1018 2765 1119 2824 terrae
1136 2747 1263 2822 totius.

150 2859 157 2866 ’
185 2849 367 2940 acciperet
381 2845 452 2940 ipse
468 2848 529 2920 vel
545 2845 662 2924 semen
681 2849 859 2940 ejus,non
877 2870 921 2920 ex
936 2848 1056 2940 Moyse
1074 2851 1152 2943 lege
1166 2867 1255 2922 con·

184 2943 302 3024 staret.
332 2945 429 3017 Ante
447 2939 564 3038 enim3
589 2968 692 3037 quam
706 2947 857 3039 Moyses
876 2950 1057 3042 legislator
1074 2947 1254 3034 existeret,

186 3041 286 3118 uisus
303 3043 353 3116 est
369 3046 521 3138 (inquit)
540 3045 719 3121 Dominus
736 3046 911 3139 Abrahae,
939 3048 971 3119 u
992 3048 1081 3120 dixit
1096 3049 1138 3119 ad
1152 3067 1256 3123 eum:

187 3145 257 3221 Exi
275 3146 315 3219 de
330 3161 418 3217 terra
436 3163 511 3232 rue,
537 3144 575 3221 U
590 3150 624 3215 de
642 3157 821 3239 cognatione
839 3163 915 3235 rua,
945 3151 983 3222 (5
1000 3154 1035 3220 de
1051 3151 1134 3219 domu
1146 3154 1257 3243 patris

186 3251 271 3334 rei,
285 3246 418 3322 U-venr'
437 3251 472 3315 in
490 3263 629 3331 terrem,
655 3272 750 3344 quum
763 3247 916 3343 oflendeta
931 3249 990 3322 tibi
999 3275 1011 3319 .·
1038 3249 1075 3324 U
1087 3255 1206 3342 Jaer'em
1224 3265 1257 3320 te

162 3431 165 3436 ¹
186 3352 228 3438 ἐπιΙ
236 3349 358 3440 gentem
373 3371 538 3438 magnam,
556 3344 594 3422 U
611 3347 782 3418 benedicam
801 3365 855 3439 te,
872 3347 910 3424 (5
926 3349 1124 3444 magnificabo
1142 3372 1257 3428 nomen

185 3461 297 3536 turpe,
323 3445 362 3520 dt
379 3456 440 3518 eris
455 3444 651 3521 benedissur:
676 3446 716 3522 (5
733 3448 904 3520 benedicam
917 3450 1124 3524 benedicentes
1139 3464 1189 3537 te,
1216 3446 1256 3526 si*

185 3547 366 3619 maledicam
380 3549 596 3622 maledicentes
610 3563 662 3635 re,
688 3546 726 3624 U
743 3548 961 3623 benedicentur
976 3556 1012 3622 t'u
1028 3566 1059 3623 ie
1072 3574 1177 3622 omues
1191 3558 1256 3622 tri·

185 3647 243 3720 bes
262 3664 369 3726 terra.
419 3647 533 3740 Quod
555 3667 643 3741 ergo
667 3646 772 3722 dicit:
800 3651 1032 3724 Benediceutur
1049 3654 1085 3720 in
1102 3666 1133 3723 te
1149 3674 1256 3722 amarer

186 3746 292 3820 eribus
308 3764 417 3833 terre,
444 3747 515 3822 boc
530 3745 594 3835 est,
603 3747 781 3821 heredem
799 3747 926 3824 fassum
943 3748 1012 3829 esse
1028 3751 1141 3823 totius
1154 3750 1257 3824 murs·

185 3849 233 3923 di.
263 3848 354 3947 Quae
370 3850 492 3937 utique
510 3844 688 3937 promissio
707 3847 751 3920 ad
766 3848 945 3924 Abrabam
963 3864 1068 3925 antea
1085 3848 1176 3923 sassa
1191 3851 1257 3932 est,

185 3967 290 4046 quem
312 3967 376 4046 per
398 3943 557 4046 Moysen
582 3946 627 4024 de
649 3946 738 4048 legis
763 3945 992 4030 obseruantia
1013 3950 1253 4129 mandagetur.

1167 4072 1201 4129 te
