2825 4559
221 283 288 374 rn-
308 262 482 370 niun.
507 285 589 368 nu
613 283 842 366 nouum
868 275 971 366 usn.
997 282 1070 364 nr.
1126 307 1195 388 ως

137 455 256 551 stitia,
279 453 557 554 cognoscemus:
582 454 769 528 tamenim
786 447 972 542 claruerit,
993 451 1075 540 quid
1090 449 1130 524 sit
1145 454 1198 550 in·

137 557 293 658 lulium,
318 551 598 647 consequenter,
615 553 699 647 quid
715 557 819 627 etiam
831 550 959 644 justum
977 551 1032 644 iit,
1053 571 1198 644 appare·

141 662 210 734 bit.
235 651 285 730 Et
298 658 466 746 quoniam
477 653 609 748 justitia
625 655 662 728 in
681 649 847 742 Uenesi,
873 651 975 748 cujus
991 668 1115 724 natura
1132 656 1197 726 bu·

139 773 253 836 muno
266 750 377 829 sensui
391 749 563 827 inaccessa
577 751 646 828 eii:
672 749 837 842 injustitia
855 771 946 824 vero
961 751 1115 822 innubis
1132 753 1197 823 bo-

138 855 318 946 minibus,
339 856 400 927 vel
417 854 524 926 etiam
537 855 574 926 in
588 870 799 944 unaquaque
815 850 1017 924 rationabili
1033 861 1196 925 creatura

138 955 315 1042 babucum
338 974 385 1026 ex
400 955 467 1026 huc
482 949 601 1026 nostra
616 951 801 1046 injustitia,
819 969 896 1041 que
910 953 1013 1025 nobia
1028 965 1116 1022 nota
1132 947 1196 1045 est,

141 1057 227 1148 isla,
250 1071 328 1148 que
347 1054 453 1126 nobis
471 1052 573 1124 velut
589 1047 759 1125 inacceffa
777 1045 828 1123 est
847 1048 882 1122 b
901 1049 1198 1139 incomprebensi-

141 1155 247 1246 bilis,
271 1149 342 1226 Dei
355 1149 485 1244 justitia
503 1150 731 1246 cognoscitur
747 1148 780 1222 dr
795 1149 1116 1230 commendatum&
1136 1172 1198 1223 ve-

140 1256 197 1328 lut
218 1271 265 1326 ex
287 1253 470 1324 contrario
493 1253 711 1324 contrarium
730 1248 905 1342 proditur.
956 1247 1075 1324 Notat
1090 1250 1196 1344 igitur

141 1351 344 1444 Apostolus
372 1345 498 1424 Pauiua
523 1351 733 1444 imperitiam
758 1367 907 1435 eorum,
945 1351 1005 1441 qui
1036 1347 1212 1420 incense-¹

141 1465 310 1546 quentem
328 1451 504 1543 objiciunt
518 1448 758 1540 questionem,
770 1461 937 1539 putantes
953 1449 1107 1538 iniquum
1126 1445 1196 1520 effe

140 1549 282 1642 Deum,
309 1551 368 1640 qui
384 1551 469 1622 iram
482 1549 519 1623 in
534 1548 736 1622 hominibus
752 1544 915 1637 inducat,
942 1567 1009 1639 pro
1025 1568 1085 1638 eo,
1097 1545 1195 1636 quod

136 1649 272 1744 justitia
287 1645 362 1742 eius
378 1667 423 1719 ex
436 1647 557 1720 nostra
572 1645 704 1740 justitia
719 1644 1005 1719 commendetur:
1031 1649 1196 1742 ignoran-

139 1763 198 1824 ter
215 1763 355 1837 autem,
376 1765 452 1820 non
469 1761 701 1840 peccatorum
716 1742 917 1820 nostrorum
936 1741 1197 1834 beneficio‚sed

137 1849 244 1944 ipsius
260 1847 408 1920 tutionis
424 1841 501 1918 fieri
520 1842 788 1938 consequentia,
799 1857 839 1917 ut
854 1849 1033 1918 contraria
1048 1868 1092 1917 err
1109 1867 1197 1920 con-

139 1949 259 2022 trariis
276 1949 534 2040 approbentur.
582 1946 671 2017 ideo
692 1964 781 2041 ergo
803 1941 851 2018 fic
874 1946 961 2018 dicit
976 1943 1195 2036 Apostolus:

139 2051 182 2120 Si
202 2062 306 2118 autem
328 2045 490 2141 injustitia
506 2043 610 2141 nostra
634 2049 699 2117 Dei
713 2043 870 2142 justitium
886 2049 1093 2132 commendat,
1118 2046 1196 2144 quid

138 2137 300 2219 dicemur?
323 2145 491 2242 Numquid
506 2149 635 2243 iniquus
651 2149 750 2234 naus,
758 2148 812 2239 qui
826 2142 932 2237 infers
947 2139 1052 2215 iram?
1077 2149 1197 2216 Secun-

138 2249 215 2319 dum
229 2249 384 2315 bominem
399 2246 475 2315 dico.
502 2245 599 2337 Abit.
625 2246 780 2341 Alioquin
794 2246 935 2340 quomodo
941 2243 1096 2339 judicabit
1109 2253 1196 2317 Drur

138 2339 319 2420 nandum?
339 2339 431 2422 Non
445 2363 534 2440 ergo
549 2345 586 2417 in
602 2342 676 2419 hoc
692 2345 834 2435 iniquus
850 2346 1069 2439 approbetur
1084 2346 1197 2438 Deus,

138 2442 370 2537 {idiscipiinae
385 2445 479 2518 ratio
489 2443 674 2517 contraria
689 2464 735 2518 ex
748 2445 938 2516 contrariis
953 2445 1141 2539 approbat,
1162 2449 1196 2518 dt

137 2566 185 2620 ex
199 2539 367 2635 iniustitia
379 2541 546 2634 iustitium
560 2543 805 2617 commendate
822 2541 881 2614 sed
898 2563 977 2616 cum
995 2548 1091 2618 omni
1109 2567 1198 2620 con·

135 2640 321 2734 sequentia
346 2642 450 2736 digne
474 2642 677 2734 meritoque
701 2643 843 2714 inimica
869 2641 918 2712 est
943 2641 1200 2718 &adversatur

138 2742 318 2836 injustitie
339 2740 497 2835 iustitia,
534 2737 624 2814 ficut
648 2741 788 2813 inimica
815 2739 846 2810 dr
874 2741 1018 2813 adversa
1045 2741 1095 2816 est
1123 2748 1198 2818 vitu

138 2845 271 2931 morti,
296 2839 404 2912 &iux
420 2841 589 2914 tenebris.
616 2837 664 2914 Et
680 2839 764 2912 ideo
779 2839 907 2912 dicitur
924 2840 1044 2932 Deus,
1069 2843 1105 2916 in
1121 2865 1195 2934 quo

140 2941 193 3016 est
205 2941 358 3034 justitia,
383 2939 517 3014 inierre
529 2939 615 3016 irum
631 2940 849 3031 hominibus,
860 2940 895 3012 in
915 2943 1041 3031 quibus
1061 2944 1198 3017 habitat

139 3037 320 3131 iniustitia.
354 3036 429 3112 lstae
444 3041 538 3113 enim
553 3041 616 3114 sibi
632 3039 840 3112 naturaiiter
855 3037 1095 3114 adversantur.
1149 3041 1198 3117 Et

138 3139 328 3234 quomodo
343 3140 448 3211 etiam
467 3158 511 3210 ex
528 3138 602 3212 hoc
617 3139 693 3228 ipso
716 3136 862 3230 injustus
879 3139 1059 3213 videbitur
1080 3144 1196 3236 Deus,

140 3242 198 3333 qui
219 3236 423 3312 adversatur
440 3234 646 3330 iniustitia?
671 3233 720 3308 Et
735 3237 872 3310 idcirco
889 3233 1038 3314 fortassis
1052 3259 1128 3313 non
1146 3241 1197 3314 di·
1237 3300 1243 3318 .

138 3339 193 3413 xit
211 3335 431 3431 Apostolus,
457 3337 538 3428 quia
560 3355 630 3410 noc
652 3336 814 3409 hominen
833 3336 949 3432 injusti
969 3341 1197 3432 commendas

137 3455 217 3514 mur
229 3434 398 3531 justitiam
418 3433 510 3522 Deir
536 3431 595 3510 sed
614 3437 681 3507 ait:
705 3439 746 3506 si
765 3436 922 3532 injustitia
938 3439 1041 3531 mirra
1062 3445 1126 3510 un
1143 3446 1197 3536 ju.
1333 3523 1336 3530 „

134 3537 257 3636 pom
272 3537 479 3607 commender:
505 3547 545 3608 ut
562 3531 788 3625 ostenderet,
812 3554 887 3608 non
906 3535 1020 3610 Deum
1044 3538 1197 3615 bomini·

137 3637 228 3727 buc,
252 3632 312 3708 sed
331 3632 498 3728 justitiam
520 3631 694 3726 injustitie
719 3629 789 3706 esse
813 3638 1047 3710 contrariam:
1073 3635 1196 3714 induci
1306 3719 1308 3724 p

134 3750 256 3809 autern
272 3734 476 3808 hominibur
490 3735 574 3806 irum
593 3751 662 3826 pro
676 3750 744 3825 eo,
771 3733 867 3823 quod
883 3735 919 3807 in
936 3731 1123 3828 semetipsis
1140 3741 1197 3812 io·

136 3854 218 3910 cum
234 3829 410 3927 iniustitiae
425 3830 596 3908 dederint.
639 3825 731 3904 Non
747 3849 833 3927 ergo
848 3831 994 3925 injustus
1011 3833 1195 3910 videbitur

134 3929 264 4030 Dent,
280 3927 571 4030 poeniuntur,
594 3949 675 4007 cum
687 3928 847 4006 irascitur
863 3931 1045 4050 adversum
1060 3934 1194 4050 injusti·

1044 4051 1157 4132 tiam,
