2825 4559
169 289 176 296 ’
224 351 295 426 224
381 325 675 416 natet-:nra
719 327 1125 413 conntnxan

175 575 179 584 ,
227 494 454 573 circumcidas
478 487 592 565 statitn
614 511 635 563 a
656 493 848 566 nativitate
873 490 910 566 in
931 494 1053 587 Moysi
1069 495 1155 592 legia
1171 492 1293 575 obser·

227 591 503 671 vantia‘fuetit‘l
548 590 619 663 Sed
640 591 781 666 constat
795 613 875 668 eum
893 595 1109 687 aliquando,
1137 597 1209 668 hoc
1227 598 1292 687 est,

227 700 264 772 in
280 693 407 790 puerili
423 702 550 783 atate,
578 704 769 780 antequam
783 694 933 765 tationia
950 712 1064 787 capax
1080 693 1200 782 fieret,
1219 695 1295 769 stne

226 793 378 872 naturali
394 794 473 886 lege
491 785 626 863 vixisse.
645 790 819 866 Nondum
836 793 930 865 enim
946 795 978 866 ei
997 795 1105 867 inilla
1119 807 1224 867 aetate
1240 798 1293 867 ln·

228 907 308 971 erat
320 891 401 986 justi
417 888 606 986 injustique
623 886 829 982 distinato,
845 911 914 964 nec
934 892 1019 966 tedii
1045 896 1217 987 pravique
1233 916 1305 986 pa-¹

226 999 330 1070 tebat
345 1011 505 1065 examen.
546 991 658 1087 Quod
676 989 721 1062 de
737 993 990 1088 naturali'lege,
1006 994 1127 1065 dici-in
1144 992 1291 1083 sequen·
1322 997 1334 1015 ’

227 1095 324 1169 tibua
337 1090 527 1165 evidenter
543 1087 713 1180 ostendit,
722 1109 803 1165 cutn
818 1091 923 1163 dicit:
953 1094 1013 1165 Sed
1027 1094 1082 1161 ull
1095 1100 1190 1164 venit
1204 1117 1294 1163 man·

220 1199 359 1278 mlum,
381 1207 536 1285 peceatum
559 1194 699 1260 revixit:
724 1215 771 1282 ega
793 1208 899 1262 autem
920 1211 1063 1260 mortuus
1085 1194 1164 1276 lm.
1223 1192 1293 1266 Per
1325 1241 1328 1254 ·

127 1381 131 1387 ,
227 1293 327 1388 quod
343 1292 513 1380 declarat,
530 1290 623 1360 illiua
640 1290 754 1362 aetatis
773 1307 922 1381 peccata
941 1291 1041 1364 fuille
1057 1293 1214 1384 quidem,
1232 1291 1290 1367 sed

226 1409 372 1470 mortua
397 1390 539 1482 habita,
571 1390 653 1480 quia
679 1408 756 1460 non
782 1396 1041 1481 reputabantur
1067 1393 1110 1463 ad
1137 1395 1290 1486 culpam.

227 1492 303 1567 Ubi
320 1510 414 1563 veto
430 1491 543 1582 eoepi,
568 1489 716 1592 inquit,¹
732 1486 834 1580 scire,
850 1491 934 1579 quid
951 1490 1122 1586 agendum
1141 1490 1196 1583 stt,
1208 1492 1294 1583 quid

225 1592 431 1667 cavendum
453 1587 709 1677 devitandum,
737 1587 990 1662 &mandatum
1010 1591 1217 1684 legiaintra
1235 1611 1293 1671 ane

227 1691 386 1786 vigentia
400 1689 585 1779 accipet03
610 1701 698 1760 tune
713 1690 749 1760 ln
766 1710 823 1761 me
837 1691 970 1764 revixit
985 1691 1294 1784 peccatum‚qu0d
1319 1693 1332 1735 ⁸

229 1793 329 1886 priua
346 1809 410 1881 per
429 1788 621 1860 absentiam
636 1787 724 1878 legis
741 1800 924 1862 mortuum
942 1791 1151 1881 videbatur,
1179 1789 1213 1863 da
1232 1816 1296 1883 ego,

228 1894 368 1982 inquit,
396 1906 537 1960 mortuus
555 1885 647 1982 suta:
682 1884 791 1979 c'oepit
814 1890 907 1962 anim
930 1889 1000 1980 jana
1027 1888 1113 1962 mihi
1137 1892 1296 1981 reputari

226 2003 432 2086 peccatum.
484 1986 554 2061 Sed
568 1988 648 2059 hac
662 1984 828 2064 llasalldea
850 2007 926 2062 non
946 1988 1139 2063 advertent
1156 1990 1200 2061 de
1213 1992 1296 2084 lege

230 2088 383 2164 naturali
400 2089 532 2160 debere
550 2086 724 2179 intelligi,
748 2084 795 2160 ad
809 2087 948 2178 ineptas
967 2086 1140 2181 &impiae
1157 2088 1295 2163 fabulas

225 2189 431 2266 sermonem
450 2182 699 2279 Apostolicunt
713 2186 837 2278 traxit,
849 2186 882 2258 dt
896 2188 933 2260 in
948 2213 1298 2276 μετενσωματωσιως

192 2335 198 2350 1
228 2292 387 2383 dogma,
412 2284 529 2377 idest,
545 2285 784 2377 quedanime
800 2286 837 2356 in
852 2286 919 2359 alia
933 2299 1042 2378 atque
1058 2289 1123 2360 alia
1139 2308 1298 2381 corpora

229 2388 548 2473 transfundantur,
585 2403 629 2458 ex
650 2383 724 2456 hoc
746 2383 914 2478 Apostoli
938 2386 1035 2459 didio
1062 2404 1216 2460 conatur
1240 2389 1298 2460 ad·

229 2488 377 2566 struere.
429 2486 568 2578 „Dixit
586 2486 703 2574 enim,
729 2486 865 2575 inquit,
891 2484 1115 2580 Apostolus,
1143 2489 1223 2577 quia
1249 2501 1303 2579 ego·

112 2592 140 2612 “
230 2587 419 2686 „vivebam
431 2587 495 2676 fine
509 2587 570 2677 lege
583 2587 771 2679 aliquanda.-
798 2584 872 2657 hoc
888 2585 951 2676 est,
962 2601 1150 2676 antequam
1161 2590 1197 2657 in
1208 2587 1298 2659 istud

101 2745 105 2752 -
187 2765 190 2771 ,
231 2707 405 2786 „corpus
430 2688 611 2758 venirem:
628 2708 630 2712 ·
645 2682 682 2754 in
707 2705 749 2756 ea
769 2681 887 2775 specie
910 2687 1074 2776 corporis
1097 2686 1191 2776 vixi,
1220 2707 1298 2776 quae

232 2787 338 2885 „sub
352 2790 433 2881 lege
448 2803 523 2857 non
540 2784 645 2870 ellat,
673 2783 822 2874 pecudia
843 2785 976 2858 scilicet
997 2787 1054 2857 vel
1073 2786 1201 2864 avia.“
1225 2786 1297 2858 Sed

230 2908 311 2964 non
328 2887 483 2977 respexit
501 2883 616 2975 adid,
634 2883 733 2973 quod
749 2880 924 2973 sequitur,
950 2884 984 2955 id
1002 2884 1071 2959 est:
1100 2884 1160 2959 Sed
1175 2886 1227 2954 ull
1243 2909 1299 2955 ve·

104 2996 112 3012 ‘
230 2997 287 3060 nit
304 2988 509 3068 mandatum,
531 2999 686 3077 paccatum
703 2991 835 3057 tevtxt't'.
863 2982 951 3054 Non
970 2984 1063 3058 ellim
1079 2985 1169 3056 dixit
1182 2983 1219 3057 l'e
1237 3002 1301 3058 ve·

232 3086 320 3163 nisse
339 3085 382 3157 ad
398 3083 625 3172 mandatum,
652 3079 711 3153 sed
737 3084 780 3154 ad
802 3077 836 3154 se
862 3082 996 3155 venilia
1012 3087 1236 3157 mandatum:
1264 3086 1298 3158 da

232 3198 424 3282 peccatum
451 3203 526 3255 non
553 3183 641 3254 dixit
663 3201 740 3253 non
769 3178 869 3254 inille
892 3182 928 3253 in
950 3181 1006 3273 se,
1033 3179 1091 3255 sed
1114 3199 1298 3260 mortuum

135 3355 138 3360 .
230 3285 359 3376 suilla,
386 3281 612 3357 &tevixllie
638 3281 678 3353 ln
694 3300 767 3371 quo
785 3284 909 3372 utique
926 3280 1106 3371 ostendit,
1135 3287 1233 3375 quod
1252 3286 1299 3359 de

230 3407 303 3461 una
319 3384 517 3473 eademque
534 3385 610 3454 vita
626 3378 685 3454 stae
702 3394 895 3470 utrumque
910 3383 1132 3470 loqueretur.
1161 3382 1300 3457 Verum

122 3517 127 3526 ·
230 3471 425 3573 Basilides,
453 3484 491 3554 dt
504 3480 605 3570 nsqui
629 3500 710 3552 cum
725 3479 803 3573 ipso
822 3482 896 3554 hoc
910 3477 1088 3573 sentiunt,
1114 3484 1149 3555 in
1165 3480 1222 3555 sua
1238 3487 1300 3557 irn-

102 3603 106 3618 ·
231 3588 370 3684 pietate
386 3581 648 3671 relinquantur„
670 3579 753 3662 Noa
771 3595 890 3653 autem
909 3580 1076 3670 Apostoli
1097 3580 1230 3655 senium
1249 3580 1299 3655 se·

233 3684 390 3760 candum
413 3682 580 3775 pietatem
601 3675 835 3751 Ecclesiastiei
856 3680 1034 3775 dogmatis
1058 3684 1300 3760 advertamus.

234 3785 308 3858 Sed
339 3785 467 3856 &hoe
492 3777 602 3871 ipsum
627 3783 725 3871 quod
756 3778 863 3862 dicit,
903 3785 1063 3849 l’eccatum
1084 3800 1155 3852 erat
1182 3789 1218 3853 in
1243 3784 1299 3851 doc

235 3886 367 3966 mundo,
396 3883 519 3953 &non
537 3880 647 3969 dixit,
673 3879 709 3950 in
737 3878 960 3964 hominibus,
988 3900 1068 3955 cum
1088 3883 1214 3972 utique
1230 3881 1298 3955 sant

232 3986 274 4058 in
293 3983 427 4060 mundo
447 3977 710 4076 &pendenda
728 3991 857 4054 cetera
869 3980 1053 4072 animalia,
1081 3981 1114 4054 da
1133 3984 1301 4074 arborea,

831 4087 844 4103 ''
1187 4083 1249 4155 vel
