2825 4559
181 230 287 351 ²226
321 279 329 286 '
377 192 667 374 ΟΒῙΕΧΕΝΙΒΙ
697 221 1165 377 communiens
1211 295 1213 300 ’

214 429 415 518 internum
435 432 494 524 qui
519 412 811 532 eiepreparatut
832 430 910 526 est,
940 395 1191 525 mitterentur,
1223 429 1288 524 nili

217 527 299 629 quiri
317 532 465 628 posnam
485 532 547 607 stbi
569 532 689 628 aDeo
712 536 828 629 legem
848 550 926 607 non
947 530 1202 607 serva-verunt:
1227 547 1306 606 nec

180 711 196 726 ,
217 657 288 729 que
308 634 351 706 ad
365 632 542 725 iudicium
556 633 761 725 venirent„
775 631 838 705 nist
862 648 991 707 contra
1015 633 1129 731 legem
1156 632 1290 724 aliquid

218 730 491 810 commisrffent:
517 733 567 806 ita
594 747 731 809 certum
755 734 921 832 videtur,
949 735 1051 826 quia,
1078 730 1291 808 srcustodis·

217 833 297 911 sent
313 832 463 928 politam
480 832 542 907 srbi
560 834 692 929 legem,
699 852 821 928 neque
838 831 893 905 isti
909 833 947 913 in
963 834 1082 930 ignem
1100 846 1289 924 eternum,

216 954 337 1025 neque
367 932 417 1003 illi
450 930 513 1006 sub
539 947 672 1006 eterna
704 931 863 1028 caliginis
890 933 1036 1005 'vincula
1067 928 1290 1020 decidissent.

221 1030 401 1126 Superest,
419 1045 460 1104 ut
480 1033 587 1129 etiam
605 1032 693 1105 illud
709 1050 778 1125 pro
794 1031 937 1105 viribus
950 1030 1290 1123 discutiamur·,quo·

177 1175 180 1180 ·
219 1133 333 1207 modo
353 1129 483 1205 diilmn
500 1130 573 1205 sttt·
590 1131 650 1206 Std
675 1136 824 1226 regnavit
846 1156 928 1202 mors
950 1134 990 1202 ob
1011 1136 1112 1205 Adoni
1134 1129 1291 1227 usquead

112 1238 118 1245 ’
219 1232 354 1327 Moysen
370 1236 406 1300 in
424 1257 492 1319 eos,
519 1236 576 1328 qui
598 1249 809 1328 pictaverunt
830 1238 868 1302 in
875 1229 1121 1328 ſsmiiitudinim
1133 1235 1292 1327 pravari-

218 1338 353 1406 cationis
371 1333 466 1419 Ara,
492 1338 548 1427 qui
564 1332 602 1428 ‘fl
613 1330 722 1423 [orma
739 1329 862 1425 futuri.
912 1330 1045 1405 Tertio
1068 1351 1166 1406 nunc
1188 1329 1291 1423 Apo·
1324 1417 1327 1423 Ι

217 1432 333 1506 stolus
355 1432 399 1503 de
422 1427 541 1505 morte
557 1448 832 1507 commemorat.
882 1428 1003 1505 Primo
1024 1434 1094 1523 ait,
1122 1430 1221 1521 quod
1236 1450 1292 1526 per

182 1620 186 1629 ι
215 1549 374 1631 pectorum
392 1555 473 1600 mors
489 1536 646 1616 introivit
665 1538 703 1602 in
720 1534 806 1602 hunc
821 1532 984 1607 muniunt.
1029 1530 1219 1621 SecuttiO,
1249 1532 1291 1601 ln

219 1651 323 1704 omnes
341 1632 504 1721 homines,
528 1633 666 1724 inquit,
692 1649 776 1703 mors
790 1631 987 1727 pertranfiit.
1036 1626 1150 1704 Nunc
1175 1643 1293 1719 vero,

222 1738 406 1826 Regnavit,
434 1733 570 1824 inquit,
597 1757 678 1810 mors
702 1732 856 1805 trititiam
873 1734 966 1829 usqne
982 1732 1024 1802 ati
1044 1728 1195 1825 Moysen.
1244 1725 1296 1801 Et

218 1830 334 1919 sciens
356 1830 427 1903 elie
445 1851 509 1922 per
526 1827 603 1903 haec
619 1831 752 1927 singula
769 1832 903 1924 aliquas
920 1829 1155 1923 differentias,
1182 1847 1314 1922 quan,

221 1932 271 2005 do
290 1932 433 2024 quidem
454 1931 657 2024 introierit,
684 1932 717 2003 ἀ
744 1930 888 2023 quando
909 1929 1296 2028 regnaveritrindica·

219 2034 290 2105 vit.
314 2029 351 2102 T
352 2050 445 2120 unc,
472 2030 610 2122 inquit,
637 2029 825 2118 introivit,
853 2049 935 2104 cum
955 2026 1090 2128 primus
1106 2026 1295 2121 homode·

103 2183 112 2198 .
219 2130 338 2222 liquit.
371 2128 420 2202 Et
433 2128 622 2220 quomodo
639 2130 823 2219 introierit
834 2129 935 2203 dixit.
966 2132 1026 2216 Per
1043 2127 1218 2223 percitum,
1242 2133 1298 2199 ln·

92 2255 99 2268 ·
191 2303 207 2316 ,
223 2232 313 2323 quit.
365 2227 414 2301 Et
432 2249 530 2303 nunc
548 2231 646 2328 regni
666 2230 743 2322 ejus
759 2230 966 2324 temporib
983 2228 1101 2304 Adam
1122 2224 1296 2320 usquead

188 2341 192 2362 f
221 2328 380 2423 Moysen
394 2327 568 2425 defignat:
595 2329 784 2422 quomodo
800 2344 919 2402 autem
935 2330 971 2402 in
986 2348 1114 2403 omnes
1126 2327 1295 2401 homines

219 2428 485 2531 per-transterit,
511 2447 590 2501 non
607 2426 776 2511 ostendit.
801 2426 961 2502 Videtur
978 2429 1066 2523 er‘go
1083 2427 1167 2502 mihi
1185 2428 1222 2499 in
1238 2427 1294 2499 his

103 2565 107 2571 ·
222 2527 421 2604 describere
431 2525 750 2621 Apostoluevelut
767 2529 909 2621 tyranni
925 2529 1071 2619 alicujus
1087 2523 1294 2624 ingreium,

223 2631 283 2722 qul
301 2629 462 2702 voluerit
478 2623 626 2724 reguum
644 2628 792 2730 legitimi
804 2629 897 2725 regis
913 2628 1110 2719 invadere,
1126 2628 1161 2698 ἃ
1176 2627 1294 2718 primo

222 2729 365 2820 quidem
385 2727 508 2808 fauces
532 2727 621 2821 ipsas
645 2726 678 2799 ἃ
700 2727 815 2800 aditur
831 2729 932 2824 regni
950 2728 1191 2821 occupaverit
1204 2745 1292 2819 prae·

220 2828 448 2902 varicatione
463 2824 642 2899 custodie:
668 2840 757 2899 tunc
774 2827 903 2901 deinde
924 2824 1136 2901 cuniiorum
1153 2826 1295 2924 animet

220 2928 266 2999 ad
284 2924 319 3000 se
337 2927 510 2998 inclinare
528 2921 748 3016 tentaverit,
771 2925 968 3001 &maxima
983 2946 1028 2998 ex
1045 2923 1148 3018 parte
1161 2937 1295 3017 potue·

90 3041 95 3074 ²
218 3028 302 3117 rit„
318 3024 354 3095 &t
367 3026 416 3096 ita
433 3025 635 3097 indebitum
651 3024 713 3099 fibi
734 3025 975 3097 vindicaverit
992 3044 1166 3119 regnum·
1202 3021 1291 3095 Hoc

220 3145 310 3220 ergo
336 3143 406 3218 per·
424 3123 652 3216 tyrannidem
674 3138 872 3221 regnmte,
895 3125 1050 3198 mittitur
1067 3125 1139 3197 dux
1156 3118 1292 3204 eleiiur

220 3245 343 3322 arege
361 3223 522 3320 legitimo
538 3222 714 3316 Moyses,
743 3224 802 3314 qui
827 3239 1027 3321 occupatos
1047 3224 1090 3297 ab
1108 3242 1155 3296 eo
1174 3239 1290 3315 popu·

218 3325 278 3400 los
295 3325 339 3398 ad
357 3324 473 3397 civilis
489 3324 628 3417 imperii
642 3324 722 3415 jura
736 3323 953 3416 revocaret,
981 3323 1015 3395 ἀ
1032 3325 1110 3395 veri
1127 3324 1219 3419 regis
1235 3319 1291 3393 uti

112 3417 117 3428 ⁴
150 3515 154 3522 ἱ
219 3423 357 3521 legibus
375 3422 561 3499 edoceret.
606 3415 677 3528 ‘ille
701 3436 790 3506 tunc
816 3437 1010 3515 tyrannus,
1036 3420 1165 3514 idest,
1190 3425 1292 3495 morr'

217 3525 386 3619 peccati,
407 3524 473 3614 ,qui
499 3542 562 3615 per
578 3507 914 3619 prevaricationem
938 3524 1043 3615 primi
1062 3519 1226 3595 custodie
1241 3520 1291 3591 ir·

148 3695 160 3718 ,h
207 3622 397 3715 repserat,
424 3627 597 3718 regnabat
619 3619 722 3715 super
742 3641 868 3695 omnes
886 3622 991 3713 ilos,
1010 3622 1069 3714 qui
1087 3622 1131 3695 ad
1151 3640 1233 3696 eum
1249 3616 1290 3691 n-

151 3789 154 3793 ,
215 3724 313 3813 mili,
339 3739 381 3794 ut
404 3722 466 3795 ille
492 3719 651 3815 primus,
679 3721 978 3814 prevaricatione
1004 3721 1288 3798 declinaverant.

214 3820 285 3895 Sed
308 3820 373 3895 ist'e
394 3822 542 3915 legitimi
565 3821 737 3914 principis
760 3820 832 3893 dux
849 3822 921 3917 ogit
941 3822 1082 3913 omnia,
1109 3834 1289 3913 quatenus

146 3915 163 4002 f
212 3924 353 4018 aliquos
372 3941 419 3996 ex
435 3920 579 4017 peccati
595 3919 629 3994 lt
647 3920 777 3997 mortio
795 3937 913 4019 regno
935 3919 1103 4016 diripiam
1131 3921 1164 3992 u
1192 3919 1291 4034 unti-

599 4041 602 4048 ·
1154 4034 1237 4092 nun
