2825 4559
284 219 550 346 rn'brrsn.
577 243 1112 337 annominemus.
1163 269 1236 347 ses·
1319 317 1322 326 .

167 419 430 497 &certamine
462 421 496 494 δι
528 421 796 516 persecutiones
830 415 1061 491 credentibus
1082 413 1238 489 excitet:

165 523 266 614 quod
284 523 408 613 utique
426 543 503 596 non
525 523 680 596 admittit
699 518 789 595 sides
807 538 939 594 rerum.
991 517 1062 590 Sed
1091 513 1237 586 videtur

165 621 308 696 mihiin
329 621 509 696 hocloco
539 621 703 695 Setenem
732 618 855 694 dixisse
882 637 1027 692 omnem
1054 615 1237 711 spiritum,

166 720 227 812 qui
256 719 484 795 credentibus
512 719 727 796 adversetur.
779 719 925 791 Satanas
946 717 1095 790 enimin
1115 717 1237 809 lingue

165 817 289 900 nostre
309 821 528 894 adversarius
545 823 812 913 interpretetur.
856 817 1040 915 Quicquid
1055 835 1142 908 ergo
1163 814 1237 885 eni·

162 940 231 995 rnae
244 920 407 993 tendenti
427 921 470 993 ad
487 921 603 994 Deum
627 919 805 994 resistit&
824 917 1048 1007 adversetur,
1075 913 1108 986 u
1135 915 1236 1004 quie-
1310 973 1313 980 .

169 1018 254 1111 quid
271 1022 350 1112 paci
368 1019 443 1112 ejus
461 1025 681 1094 contrariom
701 1019 776 1110 est,
795 1019 868 1092 hoc
885 1019 916 1089 ei
928 1016 1070 1089 serenes
1085 1010 1154 1085 esse
1172 1029 1240 1084 no·

162 1121 330 1194 minetur.
368 1117 456 1193 ideo
473 1119 630 1211 denique
644 1117 825 1212 premisit,
853 1119 997 1189 dicens:
1028 1121 1113 1187 licus
1130 1116 1237 1206 pacis:

162 1219 239 1292 hoc
260 1217 331 1310 est,
358 1217 484 1311 Deus,
509 1222 566 1291 cui
587 1241 658 1312 perr
677 1221 820 1311 plecet,
848 1227 1024 1289 conteret·
1042 1233 1147 1304 eom,
1173 1209 1237 1301 qui

164 1319 369 1390 contrarius
385 1317 436 1390 est
451 1322 530 1411 paci
547 1319 580 1390 dr
597 1317 825 1391 dissensiones
844 1331 1026 1409 operetur.
1062 1313 1121 1384 Sic
1132 1309 1236 1384 deni·

120 1451 125 1458 ·
162 1436 235 1507 que
259 1416 294 1489 se
314 1417 352 1490 in
377 1415 590 1514 Regnorum
618 1418 718 1492 libris
744 1418 923 1514 legimus,
960 1415 1041 1507 quie
1064 1409 1237 1507 suscitavit

167 1519 255 1588 Deus
272 1518 434 1587 Salomoni
442 1519 597 1604 serronem
613 1521 697 1588 Ades
714 1522 900 1588 idumeum:
934 1513 1009 1589 hoc
1035 1510 1109 1597 est,
1135 1509 1238 1582 Salo*
1281 1541 1283 1552 ·

162 1617 286 1707 moni,
312 1615 372 1706 qui
388 1615 672 1710 eretpacilicus‚
698 1615 880 1690 suseitevlt
902 1612 1077 1702 setenern,
1105 1612 1164 1699 qui
1183 1606 1238 1682 est
1319 1629 1327 1638 ·

164 1717 366 1790 contrerius
381 1717 472 1810 paci.
526 1716 596 1790 Sed
617 1716 706 1789 srcur
723 1719 799 1809 his,
828 1734 921 1806 quos
949 1711 1147 1806 Apostolus
1172 1707 1240 1781 do-

166 1828 250 1906 cet,
276 1814 368 1887 srsrc
384 1828 509 1910 agent,
535 1817 683 1890 &tales
711 1813 747 1889 se
770 1816 987 1905 exhibeant,
1015 1812 1137 1903 quales
1158 1807 1238 1902 ejus

167 1912 284 1986 sermo
298 1912 497 2007 descripsit,
517 1935 586 2009 pro
602 1916 859 1990 emendatione
877 1915 962 1986 vite
978 1911 1159 2006 promittit
1172 1907 1237 1982 sub

164 2013 322 2106 pedibus
335 2031 462 2090 eorum
483 2037 502 2089 a
521 2017 604 2088 Deo
623 2018 720 2109 pacis
740 2013 893 2088 satanam
911 2014 1090 2086 velociter
1108 2020 1239 2082 conte·

162 2114 332 2186 rendum:
360 2115 410 2187 ita
434 2117 665 2190 nihilominus
692 2115 794 2187 Deus
819 2113 915 2205 pacis
945 2115 1006 2190 ei,¹
1024 2113 1083 2201 qui
1109 2126 1238 2202 pacem

162 2230 240 2281 non
265 2214 303 2281 in
326 2213 439 2284 corde
462 2233 555 2306 puro
580 2213 614 2286 dt
635 2211 854 2286 conscientia
874 2211 1006 2286 munde
1021 2208 1235 2301 servaveris,

163 2305 305 2382 suscitet
331 2308 502 2398 satanam,
531 2315 605 2384 hoe
628 2311 702 2402 est,
729 2311 995 2399 edversariurne
1020 2323 1062 2382 ut
1085 2307 1145 2398 dui
1162 2309 1238 2394 ibo·-

162 2425 249 2481 num
275 2407 373 2500 pacis
398 2412 621 2505 neglexerit,
647 2414 958 2509 impugnationum
981 2406 1235 2482 amaritudines

164 2505 344 2600 perferet,
372 2508 404 2580 dr
421 2509 471 2582 ita
488 2510 629 2583 demum
646 2512 766 2603 pacis,
793 2531 897 2601 quern
923 2510 1135 2599 temeravit,
1151 2504 1239 2576 dul·

165 2603 332 2679 cedinenr
364 2609 402 2682 in
434 2611 716 2704 oppugnatione·
742 2609 879 2703 positus
902 2627 964 2682 rec
1012 2609 1127 2682 detur.
1179 2601 1240 2678 Ex

165 2717 325 2798 utroque
355 2707 464 2804 igitur
496 2706 713 2783 edificemur
746 2703 938 2798 Scriptura
1006 2710 1099 2779 vinae
1132 2705 1239 2796 loco,

166 2823 242 2897 quo
259 2807 320 2878 vel
338 2805 503 2881 suscitare
521 2807 622 2882 Deus
641 2808 797 2882 suanam
814 2807 946 2881 dicitur
958 2805 1237 2901 negligentibus,

165 2905 229 2978 vel
246 2919 439 2980 conterere
453 2927 495 2979 ee
511 2907 662 2982 subdere
676 2907 862 2990 studiosis,
888 2906 1027 2979 utilior
1044 2908 1086 2976 ed
1104 2921 1239 2997 agones

166 3007 353 3097 concitet,
378 3005 450 3080 istie
471 3008 516 3080 de
532 3005 715 3100 prostrato
731 3004 938 3079 adversario
955 3007 1105 3099 palmam
1123 3003 1240 3074 vilto-

167 3105 228 3176 riae
248 3106 403 3199 tribuet,
431 3107 631 3180 &virtutis
656 3108 801 3201 praemia
823 3107 1002 3200 largietur.
1054 3100 1241 3174 Possumus

168 3217 290 3276 eutem
305 3201 339 3274 c
355 3225 419 3296 per
432 3203 588 3302 fingulos
604 3225 769 3299 quosque
785 3225 934 3301 agones,
951 3203 976 3278 ir
992 3203 1150 3298 legitime
1165 3217 1241 3272 cer·

166 3315 307 3392 temus,
333 3302 474 3392 dicere,
500 3307 582 3396 quie
604 3307 706 3381 Deus
733 3319 905 3380 conteret
928 3303 1081 3378 setenem
1101 3293 1163 3373 sub
1178 3318 1242 3391 pe-

168 3401 233 3474 des
249 3399 393 3492 nostros
409 3397 601 3476 velociter.
651 3407 770 3479 Verbi
787 3402 908 3494 cause,
934 3403 1059 3496 siquis
1085 3413 1241 3497 agonem
1312 3431 1318 3442 ’

170 3498 365 3594 susceperit
393 3501 591 3595 castitatis,
629 3504 654 3578 ii
679 3504 790 3594 usquc
815 3505 859 3579 ed
884 3501 1244 3610 finem,inrmecnlete

171 3600 391 3674 conscientie
408 3601 633 3694 perdurarit,
662 3599 740 3682 diei
750 3604 794 3674 de
814 3625 860 3678 eo
876 3601 1015 3695 potest,
1042 3603 1124 3692 quia
1141 3599 1243 3670 Deus

171 3703 351 3774 contrivit
376 3700 528 3776 serenam
553 3699 616 3776 sub
641 3702 752 3798 pedes
780 3703 879 3793 ejus,
904 3703 941 3774 id
967 3699 1038 3793 est,
1064 3700 1244 3793 spiritum,
1259 3727 1277 3780 ,-

171 3798 233 3894 qui
253 3815 329 3873 erat
345 3803 549 3877 contrarius
567 3801 731 3876 castitati.
782 3797 999 3875 Similiter&
1016 3803 1074 3892 qui
1091 3815 1247 3892 agonem

174 3899 261 3978 fidei
276 3897 438 4001 suscipit,
461 3900 590 3982 illins
605 3918 809 4087 entsffiegee
828 3901 862 3977 dt
881 3899 1041 3998 praessdes
1058 3917 1138 3975 cum
1153 3893 1249 4009 indue
1272 3869 1278 3984 Ι

252 4049 257 4058 .
327 4051 338 4066 .
762 4023 786 4104 3
1152 4013 1285 4096 exe-.-

460 4169 494 4244 (.
