2825 4559
253 273 517 384 ruarmo.
543 299 623 379 no
648 297 885 378 nounu.
910 291 1015 378 utu.
1041 299 1086 378 x.
1138 319 1209 399 495

132 467 347 555 'diiudionea
370 467 538 560 quasdam
562 465 860 558 ponerevoluit,
886 466 1119 558 utpopuius‚
1147 464 1208 553 qui

130 571 199 649 -sub
216 574 297 668 lege
312 567 525 657 tenebatur,
542 563 691 638 discerni
711 585 776 659 per
793 565 996 656 hujusmodi
1014 563 1207 636 obseruan-

133 675 203 746 tiaa
220 692 239 742 a
256 668 395 743 caeteria
409 671 576 763 gentibue
594 667 793 761 uideretur.
821 662 869 735 Et
882 662 1048 756 quamdiu
1066 665 1208 750 quidem

134 772 292 867 populus
311 770 373 841 ille
387 764 522 854 sandius
542 763 792 862 &segregatus
808 786 826 837 a
844 766 982 837 caeteris
999 764 1207 839 nationibus

134 871 355 959 habebatur,
389 867 497 940 etiam
523 863 690 937 discretio
718 867 764 938 de
788 865 928 938 mundis
956 863 989 935 da
1016 863 1206 939 immundis

133 959 327 1046 neceuaiia
343 963 544 1050 videbatur,
559 983 637 1054 quae
650 961 851 1060 segregaret
868 962 1118 1040 &secerneret
1134 962 1207 1057 spe·
1288 1033 1294 1040 .

133 1070 261 1144 cialem
284 1067 461 1159 populum
482 1063 554 1137 Dei
580 1084 601 1136 a
624 1068 860 1148 nationibus,
896 1084 982 1155 quas
1004 1063 1206 1158 ignorantia

131 1170 256 1245 Dei&
275 1168 458 1262 idolorum
478 1167 597 1236 cuitus
616 1162 773 1238 faciebat
789 1164 1008 1238 immundas:
1035 1164 1095 1234 ubi
1114 1183 1205 1238 vero
1253 1243 1255 1250 ,

128 1271 237 1365 janua
252 1265 334 1339 fidei
350 1264 530 1337 Gentibus
545 1268 726 1356 aperitur,
754 1264 1001 1336 &invitantur
1017 1282 1144 1337 omnes
1161 1266 1205 1338 ad
1269 1325 1271 1332 .

131 1370 276 1459 Deum,
303 1364 540 1438 ostenduntur
560 1361 670 1435 Petro
687 1369 809 1437 omnia
828 1364 1081 1457 quadrupedia,
1102 1363 1207 1437 &re-

131 1471 277 1565 pentia,
302 1465 517 1538 &volatilia
540 1461 703 1555 exposita
728 1466 764 1536 in
784 1464 920 1556 linteo,
948 1462 1047 1555 quod
1065 1468 1205 1538 coelitus

132 1570 253 1643 fuerat
270 1563 478 1645 deduiiuma
506 1562 539 1634 δι
559 1564 690 1635 dicitur
707 1565 761 1635 ei:
787 1567 885 1656 Surge
904 1567 1013 1638 Perre,
1040 1567 1146 1652 occide,
1164 1568 1205 1642 σ

134 1670 299 1739 manduca.
328 1663 492 1754 Cumque
509 1663 631 1757 legalis
648 1661 886 1744 observantia
903 1683 1041 1737 memor
1060 1662 1207 1755 respon·

135 1765 238 1841 'differ
265 1765 307 1838 ad
333 1763 554 1854 Dominum,
581 1760 788 1835 &dixiffet:
815 1764 923 1859 Abfit,
948 1769 1104 1849 Domine,
1129 1773 1205 1861 quia

134 1890 300 1964 nunquam
321 1887 477 1934 commuue
500 1880 558 1932 aut
582 1865 779 1933 immundum
800 1866 959 1934 introivit
982 1870 1019 1933 in
1039 1887 1069 1933 or
1085 1889 1206 1936 meum:
1236 1881 1238 1886 “

135 1966 266 2041 coelesti
282 1964 455 2039 sententia
472 1964 755 2056 pronunciatur:
780 1962 876 2055 Quod
899 1958 994 2037 Deus
1019 1967 1205 2050 marturan,

125 2080 175 2140 ‘du
193 2089 348 2138 commune
366 2091 407 2134 ue
421 2067 550 2133 dixeris.
588 2060 678 2136 bei
707 2080 796 2156 ergo
824 2077 952 2137 omnes
980 2059 1118 2136 Genter
1143 2082 1207 2160 per

135 2168 358 2263 agnitionem
377 2160 461 2237 fidei
480 2184 499 2236 a
515 2163 830 2235 contaminatione
846 2164 1084 2253 mundantur,
1111 2167 1159 2238 ibi
1173 2169 1207 2238 dc

135 2270 251 2340 omnis
281 2269 383 2337 cibus
409 2265 525 2336 verbo
539 2262 692 2336 'Domini
717 2262 937 2336 &oratione
952 2277 1143 2357 purgatur:
1171 2266 1206 2337 dr
1283 2327 1291 2340 ,

136 2368 186 2437 ob
205 2368 278 2435 boc
299 2361 496 2451 Apostolus
518 2359 623 2450 dicit,
650 2361 733 2450 quia
746 2368 854 2433 omnia
870 2369 989 2435 manda
999 2366 1102 2456 sunt,
1130 2378 1205 2436 tan·
1296 2443 1303 2462 Ι

134 2478 212 2538 tum
233 2460 374 2532 utillud
393 2465 547 2550 vitetur,
574 2460 673 2551 quod
690 2460 728 2533 in
753 2456 981 2553 sequentibus
1002 2464 1129 2558 ponit,
1158 2484 1219 2546 ne.

135 2583 201 2659 per
221 2558 459 2634 offertionem
481 2558 602 2632 fratria
623 2558 849 2633 manducanti
874 2561 1007 2636 rursum
1033 2561 1120 2636 fiant
1143 2566 1209 2639 im·

134 2664 361 2752 mundaque
378 2658 510 2733 munda
526 2658 618 2736 strnt.
668 2656 745 2754 Jam
764 2678 857 2733 vero
884 2665 982 2753 quod
1004 2664 1205 2759 subjungit:
1301 2697 1304 2707 =

138 2761 271 2838 Bonum
300 2761 340 2858 est
366 2783 430 2830 nom
449 2763 795 2843 mendacemiam,
820 2758 859 2835 6
877 2783 942 2833 non
959 2763 1058 2833 bibere
1075 2771 1205 2853 vinum,

134 2862 197 2938 nist
216 2859 418 2950 addidiffet,
443 2883 543 2955 mque
562 2864 599 2926 in
613 2881 673 2953 quo
686 2858 794 2944 frater
810 2875 884 2929 tuus
900 2862 1089 2951 offenditur,
1118 2884 1207 2938 con·

134 2964 282 3035 trarium
302 2958 451 3034 fortaffls
467 2958 648 3053 prioribus
664 2955 1095 3046 videretur.Manducare
1111 2966 1207 3048 enim

137 3082 279 3136 carnem
308 3061 369 3133 vei
390 3079 468 3133 non
491 3059 729 3150 manducare,
765 3061 825 3133 vel
847 3062 973 3135 bibere
988 3062 1119 3150 ,vinum
1144 3079 1206 3138 aut

137 3182 214 3258 non
233 3162 369 3247 bibere,
386 3179 505 3251 neque
522 3161 653 3232 malum
671 3177 791 3250 neque
805 3160 959 3253 bonum,
974 3159 1034 3234 sed
1051 3163 1207 3240 medium
1243 3181 1255 3187 ·

135 3262 260 3336 baberi
275 3262 403 3331 docuit
419 3260 455 3331 dr
469 3256 690 3333 indifferens.
718 3257 840 3332 Potest
854 3263 950 3336 enim
968 3279 1046 3335 non
1061 3265 1207 3337 mandu-
1317 3294 1319 3302 ψ

136 3381 220 3436 care
238 3379 381 3432 carnem
401 3358 433 3430 dr
450 3379 526 3433 non
541 3360 666 3432 bibere
683 3361 807 3433 vinum
831 3364 938 3435 etiam
960 3364 1072 3435 maius
1090 3363 1206 3437 homo
1311 3405 1313 3410 ·

137 3461 172 3533 dr
193 3483 210 3532 a
230 3457 301 3532 fide
321 3461 479 3550 alienus,
500 3475 541 3533 ut
565 3456 657 3550 sape
673 3460 780 3532 etiam
806 3460 1004 3535 nonnullos
1022 3462 1207 3536 idolorum

138 3558 239 3635 causa
263 3557 383 3631 facere
408 3558 482 3631 boc
502 3572 639 3632 certum
661 3555 722 3630 est.
776 3558 958 3655 Interdum
977 3562 1081 3636 etiam
1099 3562 1208 3637 maia·
1229 3569 1245 3577 ‘

94 3703 100 3712 -
136 3679 215 3733 rum
235 3661 363 3732 artium
380 3656 497 3731 fertur
511 3658 591 3731 talia
606 3655 729 3729 haberi
748 3654 969 3732 observatio.
1006 3657 1208 3736 Haeretico·
1312 3723 1320 3750 .,

134 3779 214 3833 rum
231 3771 331 3832 certe
347 3777 424 3831 non
443 3761 563 3850 paucis
582 3753 777 3828 observare
793 3759 869 3830 hec
881 3758 993 3834 moris
1009 3760 1078 3848 est,
1107 3761 1139 3833 dr
1157 3777 1209 3835 ta·
1296 3755 1319 3854 f

134 3881 218 3936 men
235 3878 312 3932 non
329 3855 506 3933 continuo
523 3857 695 3931 dicimur:
721 3854 862 3931 Bonum
879 3857 1113 3952 estun-quia
1130 3881 1209 3934 non
1302 3875 1304 3880 ·

134 3960 353 4036 manducant
368 3969 535 4053 carnem,
559 3973 680 4049 neque
700 3955 831 4041 bibunt
856 3957 992 4035 vinum.
1044 3959 1113 4033 Sed
1140 3964 1208 4034 ilio
1314 4009 1319 4016 -

356 4095 360 4108 ·
939 4092 941 4097 ·
1048 4062 1164 4153 piane
1272 4151 1274 4156 Ι
1316 4069 1319 4084 “
