<?xml version="1.0" encoding="UTF-8"?>
<!DOCTYPE html PUBLIC "-//W3C//DTD XHTML 1.0 Transitional//EN"
    "http://www.w3.org/TR/xhtml1/DTD/xhtml1-transitional.dtd">
<html xmlns="http://www.w3.org/1999/xhtml" xml:lang="en" lang="en">
 <head>
  <title>
</title>
<meta http-equiv="Content-Type" content="text/html;charset=utf-8" />
  <meta name='ocr-system' content='tesseract 3.04.00' />
  <meta name='ocr-capabilities' content='ocr_page ocr_carea ocr_par ocr_line ocrx_word'/>
</head>
<body>
  <div class='ocr_page' id='page_1' title='image "./operaomniasanct12unkngoog_0048.png"; bbox 0 0 2825 4559; ppageno 0'>
   <div class='ocr_carea' id='block_1_1' title="bbox 235 177 1311 342">
    <p class='ocr_par' dir='ltr' id='par_1_1' title="bbox 235 177 1311 342">
     <span class='ocr_line' id='line_1_1' title="bbox 235 177 1311 342; baseline -0.029 -2"><span class='ocrx_word' id='word_1_1' title='bbox 235 249 285 342; x_wconf 75' lang='lat' dir='ltr'>sss</span> <span class='ocrx_word' id='word_1_2' title='bbox 401 177 1159 320; x_wconf 61' lang='lat' dir='ltr'>onrcsm&#39;st&#39;couunnrnn.=</span> <span class='ocrx_word' id='word_1_3' title='bbox 1309 213 1311 218; x_wconf 82' lang='grc'><strong>’</strong></span> 
     </span>
    </p>
   </div>
   <div class='ocr_carea' id='block_1_2' title="bbox 82 397 1340 4060">
    <p class='ocr_par' dir='ltr' id='par_1_2' title="bbox 239 397 1306 503">
     <span class='ocr_line' id='line_1_2' title="bbox 239 397 1306 503; baseline 0.001 -24"><span class='ocrx_word' id='word_1_4' title='bbox 239 403 375 497; x_wconf 88' lang='lat' dir='ltr'>hi,-qui</span> <span class='ocrx_word' id='word_1_5' title='bbox 394 406 612 497; x_wconf 87' lang='lat' dir='ltr'>veritatem,</span> <span class='ocrx_word' id='word_1_6' title='bbox 630 425 734 496; x_wconf 85' lang='lat' dir='ltr'>quam</span> <span class='ocrx_word' id='word_1_7' title='bbox 750 403 836 478; x_wconf 88' lang='lat' dir='ltr'>Deo</span> <span class='ocrx_word' id='word_1_8' title='bbox 855 407 1043 478; x_wconf 87' lang='lat' dir='ltr'>revelante</span> <span class='ocrx_word' id='word_1_9' title='bbox 1063 397 1306 503; x_wconf 82' lang='lat' dir='ltr'>cognoscunt,</span> 
     </span>
    </p>

    <p class='ocr_par' dir='ltr' id='par_1_3' title="bbox 202 503 1340 1297">
     <span class='ocr_line' id='line_1_3' title="bbox 202 503 1306 599; baseline 0.003 -20"><span class='ocrx_word' id='word_1_10' title='bbox 202 519 206 526; x_wconf 82' lang='grc'><em>·</em></span> <span class='ocrx_word' id='word_1_11' title='bbox 238 508 277 579; x_wconf 91' lang='lat' dir='ltr'>ln</span> <span class='ocrx_word' id='word_1_12' title='bbox 303 504 493 595; x_wconf 79' lang='lat' dir='ltr'>iniquitate</span> <span class='ocrx_word' id='word_1_13' title='bbox 520 504 729 593; x_wconf 76' lang='lat' dir='ltr'>detentam,</span> <span class='ocrx_word' id='word_1_14' title='bbox 757 503 876 599; x_wconf 85' lang='lat' dir='ltr'>&amp;per</span> <span class='ocrx_word' id='word_1_15' title='bbox 898 505 991 590; x_wconf 91' lang='lat' dir='ltr'>hoc,</span> <span class='ocrx_word' id='word_1_16' title='bbox 1019 509 1117 596; x_wconf 90' lang='lat' dir='ltr'>quod</span> <span class='ocrx_word' id='word_1_17' title='bbox 1141 503 1306 584; x_wconf 89' lang='lat' dir='ltr'>deserun-</span> 
     </span>
     <span class='ocr_line' id='line_1_4' title="bbox 241 602 1307 698; baseline 0.001 -20"><span class='ocrx_word' id='word_1_18' title='bbox 241 617 323 690; x_wconf 86' lang='lat' dir='ltr'>tur,</span> <span class='ocrx_word' id='word_1_19' title='bbox 350 604 540 676; x_wconf 84' lang='lat' dir='ltr'>traduntur</span> <span class='ocrx_word' id='word_1_20' title='bbox 555 602 735 677; x_wconf 73' lang='lat' dir='ltr'>desideriis</span> <span class='ocrx_word' id='word_1_21' title='bbox 760 609 879 678; x_wconf 89' lang='lat' dir='ltr'>cordis</span> <span class='ocrx_word' id='word_1_22' title='bbox 897 602 973 692; x_wconf 82' lang='lat' dir='ltr'>sui;</span> <span class='ocrx_word' id='word_1_23' title='bbox 1001 627 1153 698; x_wconf 88' lang='lat' dir='ltr'>quorum</span> <span class='ocrx_word' id='word_1_24' title='bbox 1173 607 1307 688; x_wconf 77' lang='lat' dir='ltr'>deside-</span> 
     </span>
     <span class='ocr_line' id='line_1_5' title="bbox 239 702 1304 794; baseline 0.004 -17"><span class='ocrx_word' id='word_1_25' title='bbox 239 708 291 777; x_wconf 87' lang='lat' dir='ltr'>ria</span> <span class='ocrx_word' id='word_1_26' title='bbox 318 704 436 777; x_wconf 91' lang='lat' dir='ltr'>cordis</span> <span class='ocrx_word' id='word_1_27' title='bbox 459 705 534 774; x_wconf 86' lang='lat' dir='ltr'>haec</span> <span class='ocrx_word' id='word_1_28' title='bbox 552 720 674 794; x_wconf 89' lang='lat' dir='ltr'>erant,</span> <span class='ocrx_word' id='word_1_29' title='bbox 701 719 743 776; x_wconf 92' lang='lat' dir='ltr'>ut</span> <span class='ocrx_word' id='word_1_30' title='bbox 765 702 986 777; x_wconf 83' lang='lat' dir='ltr'>immunditia</span> <span class='ocrx_word' id='word_1_31' title='bbox 1013 706 1052 778; x_wconf 75' lang='lat' dir='ltr'>u·</span> <span class='ocrx_word' id='word_1_32' title='bbox 1072 707 1304 782; x_wconf 79' lang='lat' dir='ltr'>contumeliis</span> 
     </span>
     <span class='ocr_line' id='line_1_6' title="bbox 236 800 1302 898; baseline 0.003 -21"><span class='ocrx_word' id='word_1_33' title='bbox 236 801 425 878; x_wconf 83' lang='lat' dir='ltr'>afficerent</span> <span class='ocrx_word' id='word_1_34' title='bbox 445 821 603 895; x_wconf 77' lang='lat' dir='ltr'>corpore</span> <span class='ocrx_word' id='word_1_35' title='bbox 622 802 734 877; x_wconf 90' lang='lat' dir='ltr'>suain</span> <span class='ocrx_word' id='word_1_36' title='bbox 754 800 967 898; x_wconf 76' lang='lat' dir='ltr'>semetipsis:</span> <span class='ocrx_word' id='word_1_37' title='bbox 994 807 1027 880; x_wconf 83' lang='lat' dir='ltr'>dr</span> <span class='ocrx_word' id='word_1_38' title='bbox 1049 808 1142 898; x_wconf 88' lang='lat' dir='ltr'>quali</span> <span class='ocrx_word' id='word_1_39' title='bbox 1161 803 1302 898; x_wconf 89' lang='lat' dir='ltr'>judlcio</span> 
     </span>
     <span class='ocr_line' id='line_1_7' title="bbox 240 902 1317 999; baseline 0.001 -22"><span class='ocrx_word' id='word_1_40' title='bbox 240 924 324 999; x_wconf 88' lang='lat' dir='ltr'>erga</span> <span class='ocrx_word' id='word_1_41' title='bbox 343 903 541 974; x_wconf 88' lang='lat' dir='ltr'>divinitatis</span> <span class='ocrx_word' id='word_1_42' title='bbox 563 907 610 976; x_wconf 83' lang='lat' dir='ltr'>uss</span> <span class='ocrx_word' id='word_1_43' title='bbox 630 902 710 976; x_wconf 92' lang='lat' dir='ltr'>sunt</span> <span class='ocrx_word' id='word_1_44' title='bbox 734 907 1138 988; x_wconf 65' lang='lat' dir='ltr'>venerationem-dum</span> <span class='ocrx_word' id='word_1_45' title='bbox 1160 906 1231 978; x_wconf 91' lang='lat' dir='ltr'>Dei</span> <span class='ocrx_word' id='word_1_46' title='bbox 1248 909 1317 978; x_wconf 90' lang='lat' dir='ltr'>in··</span> 
     </span>
     <span class='ocr_line' id='line_1_8' title="bbox 241 1001 1304 1102; baseline 0.003 -25"><span class='ocrx_word' id='word_1_47' title='bbox 241 1001 486 1093; x_wconf 84' lang='lat' dir='ltr'>corruptibilis</span> <span class='ocrx_word' id='word_1_48' title='bbox 506 1001 657 1100; x_wconf 85' lang='lat' dir='ltr'>gloriam</span> <span class='ocrx_word' id='word_1_49' title='bbox 680 1005 723 1075; x_wconf 96' lang='lat' dir='ltr'>ad</span> <span class='ocrx_word' id='word_1_50' title='bbox 743 1003 854 1077; x_wconf 86' lang='lat' dir='ltr'>ioedss</span> <span class='ocrx_word' id='word_1_51' title='bbox 875 1006 913 1074; x_wconf 82' lang='lat' dir='ltr'>dr·</span> <span class='ocrx_word' id='word_1_52' title='bbox 930 1003 1090 1102; x_wconf 79' lang='lat' dir='ltr'>indignas</span> <span class='ocrx_word' id='word_1_53' title='bbox 1118 1006 1304 1080; x_wconf 85' lang='lat' dir='ltr'>deducunt</span> 
     </span>
     <span class='ocr_line' id='line_1_9' title="bbox 237 1103 1340 1199; baseline -0.004 -21"><span class='ocrx_word' id='word_1_54' title='bbox 237 1105 424 1181; x_wconf 83' lang='lat' dir='ltr'>huminum</span> <span class='ocrx_word' id='word_1_55' title='bbox 446 1103 506 1174; x_wconf 87' lang='lat' dir='ltr'>uel</span> <span class='ocrx_word' id='word_1_56' title='bbox 528 1103 729 1186; x_wconf 87' lang='lat' dir='ltr'>animalium</span> <span class='ocrx_word' id='word_1_57' title='bbox 753 1103 913 1195; x_wconf 86' lang='lat' dir='ltr'>formas,</span> <span class='ocrx_word' id='word_1_58' title='bbox 939 1107 1000 1176; x_wconf 91' lang='lat' dir='ltr'>tall</span> <span class='ocrx_word' id='word_1_59' title='bbox 1023 1103 1128 1178; x_wconf 81' lang='lat' dir='ltr'>etism</span> <span class='ocrx_word' id='word_1_60' title='bbox 1150 1124 1232 1199; x_wconf 84' lang='lat' dir='ltr'>erga</span> <span class='ocrx_word' id='word_1_61' title='bbox 1253 1105 1303 1177; x_wconf 87' lang='lat' dir='ltr'>se·</span> <span class='ocrx_word' id='word_1_62' title='bbox 1333 1153 1340 1174; x_wconf 52' lang='lat' dir='ltr'>s</span> 
     </span>
     <span class='ocr_line' id='line_1_10' title="bbox 237 1199 1302 1297; baseline 0.002 -23"><span class='ocrx_word' id='word_1_63' title='bbox 237 1199 409 1297; x_wconf 76' lang='lat' dir='ltr'>metipsos</span> <span class='ocrx_word' id='word_1_64' title='bbox 432 1216 578 1273; x_wconf 87' lang='lat' dir='ltr'>utantur</span> <span class='ocrx_word' id='word_1_65' title='bbox 603 1204 713 1295; x_wconf 87' lang='lat' dir='ltr'>vice,</span> <span class='ocrx_word' id='word_1_66' title='bbox 741 1221 781 1276; x_wconf 91' lang='lat' dir='ltr'>ut</span> <span class='ocrx_word' id='word_1_67' title='bbox 805 1205 1039 1277; x_wconf 82' lang='lat' dir='ltr'>rationabiles</span> <span class='ocrx_word' id='word_1_68' title='bbox 1061 1208 1224 1278; x_wconf 87' lang='lat' dir='ltr'>homines</span> <span class='ocrx_word' id='word_1_69' title='bbox 1246 1206 1302 1276; x_wconf 63' lang='lat' dir='ltr'>vis</span> 
     </span>
    </p>

    <p class='ocr_par' dir='ltr' id='par_1_4' title="bbox 215 1300 1329 1598">
     <span class='ocr_line' id='line_1_11' title="bbox 215 1300 1329 1393; baseline -0.004 -15"><span class='ocrx_word' id='word_1_70' title='bbox 215 1300 225 1336; x_wconf 75' lang='lat'><strong><em>¹</em></strong></span> <span class='ocrx_word' id='word_1_71' title='bbox 238 1317 330 1378; x_wconf 89' lang='lat' dir='ltr'>vant</span> <span class='ocrx_word' id='word_1_72' title='bbox 351 1320 454 1374; x_wconf 86' lang='lat' dir='ltr'>ruore</span> <span class='ocrx_word' id='word_1_73' title='bbox 475 1301 771 1376; x_wconf 80' lang='lat' dir='ltr'>irrationabilium</span> <span class='ocrx_word' id='word_1_74' title='bbox 794 1305 1012 1376; x_wconf 87' lang='lat' dir='ltr'>belluarum:</span> <span class='ocrx_word' id='word_1_75' title='bbox 1040 1317 1159 1376; x_wconf 78' lang='lat' dir='ltr'>temen</span> <span class='ocrx_word' id='word_1_76' title='bbox 1185 1304 1301 1393; x_wconf 86' lang='lat' dir='ltr'>requi·</span> <span class='ocrx_word' id='word_1_77' title='bbox 1324 1331 1329 1342; x_wconf 87' lang='lat'><strong>·</strong></span> 
     </span>
     <span class='ocr_line' id='line_1_12' title="bbox 233 1396 1300 1499; baseline -0.004 -20"><span class='ocrx_word' id='word_1_78' title='bbox 233 1422 354 1478; x_wconf 87' lang='lat' dir='ltr'>ramus</span> <span class='ocrx_word' id='word_1_79' title='bbox 370 1396 413 1472; x_wconf 80' lang='lat' dir='ltr'>sb</span> <span class='ocrx_word' id='word_1_80' title='bbox 431 1399 506 1487; x_wconf 89' lang='lat' dir='ltr'>his,</span> <span class='ocrx_word' id='word_1_81' title='bbox 533 1404 592 1492; x_wconf 91' lang='lat' dir='ltr'>qui</span> <span class='ocrx_word' id='word_1_82' title='bbox 613 1403 729 1475; x_wconf 87' lang='lat' dir='ltr'>Deum</span> <span class='ocrx_word' id='word_1_83' title='bbox 746 1406 882 1476; x_wconf 93' lang='lat' dir='ltr'>bonum</span> <span class='ocrx_word' id='word_1_84' title='bbox 897 1418 1028 1499; x_wconf 87' lang='lat' dir='ltr'>negant</span> <span class='ocrx_word' id='word_1_85' title='bbox 1046 1405 1150 1477; x_wconf 90' lang='lat' dir='ltr'>etiam</span> <span class='ocrx_word' id='word_1_86' title='bbox 1170 1401 1300 1493; x_wconf 76' lang='lat' dir='ltr'>iustum</span> 
     </span>
     <span class='ocr_line' id='line_1_13' title="bbox 238 1498 1301 1598; baseline -0.004 -19"><span class='ocrx_word' id='word_1_87' title='bbox 238 1501 309 1579; x_wconf 86' lang='lat' dir='ltr'>esse</span> <span class='ocrx_word' id='word_1_88' title='bbox 335 1499 522 1598; x_wconf 84' lang='lat' dir='ltr'>judicem,</span> <span class='ocrx_word' id='word_1_89' title='bbox 554 1503 638 1592; x_wconf 91' lang='lat' dir='ltr'>quid</span> <span class='ocrx_word' id='word_1_90' title='bbox 665 1498 907 1595; x_wconf 88' lang='lat' dir='ltr'>respondeant</span> <span class='ocrx_word' id='word_1_91' title='bbox 936 1505 981 1575; x_wconf 89' lang='lat' dir='ltr'>de</span> <span class='ocrx_word' id='word_1_92' title='bbox 1008 1504 1084 1594; x_wconf 88' lang='lat' dir='ltr'>his,</span> <span class='ocrx_word' id='word_1_93' title='bbox 1112 1523 1188 1594; x_wconf 84' lang='lat' dir='ltr'>quae</span> <span class='ocrx_word' id='word_1_94' title='bbox 1214 1501 1301 1575; x_wconf 88' lang='lat' dir='ltr'>dicit</span> 
     </span>
    </p>

    <p class='ocr_par' dir='ltr' id='par_1_5' title="bbox 95 1601 1302 1799">
     <span class='ocr_line' id='line_1_14' title="bbox 95 1601 1302 1696; baseline -0.005 -20"><span class='ocrx_word' id='word_1_95' title='bbox 95 1647 99 1658; x_wconf 90' lang='lat'><em>·</em></span> <span class='ocrx_word' id='word_1_96' title='bbox 237 1601 458 1696; x_wconf 82' lang='lat' dir='ltr'>Apostolus,</span> <span class='ocrx_word' id='word_1_97' title='bbox 485 1603 583 1693; x_wconf 88' lang='lat' dir='ltr'>quod</span> <span class='ocrx_word' id='word_1_98' title='bbox 602 1606 735 1674; x_wconf 75' lang='lat' dir='ltr'>madidis</span> <span class='ocrx_word' id='word_1_99' title='bbox 755 1628 801 1673; x_wconf 80' lang='lat' dir='ltr'>eos</span> <span class='ocrx_word' id='word_1_100' title='bbox 823 1610 908 1672; x_wconf 62' lang='lat' dir='ltr'>litus</span> <span class='ocrx_word' id='word_1_101' title='bbox 926 1609 961 1670; x_wconf 80' lang='lat' dir='ltr'>in</span> <span class='ocrx_word' id='word_1_102' title='bbox 978 1605 1130 1692; x_wconf 75' lang='lat' dir='ltr'>defiden&#39;e&#39;s</span> <span class='ocrx_word' id='word_1_103' title='bbox 1146 1608 1244 1672; x_wconf 74' lang='lat' dir='ltr'>cordis</span> <span class='ocrx_word' id='word_1_104' title='bbox 1263 1609 1302 1670; x_wconf 77' lang='lat' dir='ltr'>in</span> 
     </span>
     <span class='ocr_line' id='line_1_15' title="bbox 237 1699 1301 1799; baseline -0.005 -24"><span class='ocrx_word' id='word_1_105' title='bbox 237 1705 495 1787; x_wconf 76' lang='lat' dir='ltr'>immunditiam,</span> <span class='ocrx_word' id='word_1_106' title='bbox 522 1719 561 1772; x_wconf 80' lang='lat' dir='ltr'>ut</span> <span class='ocrx_word' id='word_1_107' title='bbox 580 1704 775 1773; x_wconf 78' lang='lat' dir='ltr'>contumeliis</span> <span class='ocrx_word' id='word_1_108' title='bbox 798 1701 943 1791; x_wconf 82' lang='lat' dir='ltr'>afficiant</span> <span class='ocrx_word' id='word_1_109' title='bbox 969 1725 1091 1799; x_wconf 80' lang='lat' dir='ltr'>corpora</span> <span class='ocrx_word' id='word_1_110' title='bbox 1112 1705 1182 1791; x_wconf 82' lang='lat' dir='ltr'>sua.</span> <span class='ocrx_word' id='word_1_111' title='bbox 1235 1699 1301 1771; x_wconf 85' lang='lat' dir='ltr'>Vi·</span> 
     </span>
    </p>

    <p class='ocr_par' dir='ltr' id='par_1_6' title="bbox 128 1799 1300 1894">
     <span class='ocr_line' id='line_1_16' title="bbox 128 1799 1300 1894; baseline -0.003 -20"><span class='ocrx_word' id='word_1_112' title='bbox 128 1845 131 1852; x_wconf 69' lang='lat'><em>=</em></span> <span class='ocrx_word' id='word_1_113' title='bbox 236 1805 381 1894; x_wconf 85' lang='lat' dir='ltr'>debitur</span> <span class='ocrx_word' id='word_1_114' title='bbox 404 1800 553 1876; x_wconf 88' lang='lat' dir='ltr'>enimin</span> <span class='ocrx_word' id='word_1_115' title='bbox 575 1803 649 1875; x_wconf 93' lang='lat' dir='ltr'>hoc</span> <span class='ocrx_word' id='word_1_116' title='bbox 669 1823 745 1874; x_wconf 89' lang='lat' dir='ltr'>non</span> <span class='ocrx_word' id='word_1_117' title='bbox 765 1800 877 1874; x_wconf 91' lang='lat' dir='ltr'>solum</span> <span class='ocrx_word' id='word_1_118' title='bbox 903 1799 1058 1893; x_wconf 88' lang='lat' dir='ltr'>ipsorum</span> <span class='ocrx_word' id='word_1_119' title='bbox 1081 1805 1195 1878; x_wconf 81' lang='lat' dir='ltr'>ratio,</span> <span class='ocrx_word' id='word_1_120' title='bbox 1222 1815 1300 1891; x_wconf 76' lang='lat' dir='ltr'>que</span> 
     </span>
    </p>

    <p class='ocr_par' dir='ltr' id='par_1_7' title="bbox 227 1899 1338 3785">
     <span class='ocr_line' id='line_1_17' title="bbox 238 1899 1302 1996; baseline 0.001 -22"><span class='ocrx_word' id='word_1_121' title='bbox 238 1903 383 1996; x_wconf 88' lang='lat' dir='ltr'>penitus</span> <span class='ocrx_word' id='word_1_122' title='bbox 398 1900 624 1992; x_wconf 83' lang='lat' dir='ltr'>excluditur,</span> <span class='ocrx_word' id='word_1_123' title='bbox 651 1900 708 1976; x_wconf 91' lang='lat' dir='ltr'>sed</span> <span class='ocrx_word' id='word_1_124' title='bbox 727 1901 760 1972; x_wconf 80' lang='lat' dir='ltr'>dt</span> <span class='ocrx_word' id='word_1_125' title='bbox 779 1901 900 1973; x_wconf 82' lang='lat' dir='ltr'>nostra</span> <span class='ocrx_word' id='word_1_126' title='bbox 916 1899 1099 1995; x_wconf 80' lang='lat' dir='ltr'>responso</span> <span class='ocrx_word' id='word_1_127' title='bbox 1116 1899 1302 1975; x_wconf 76' lang='lat' dir='ltr'>coarilari.</span> 
     </span>
     <span class='ocr_line' id='line_1_18' title="bbox 236 1997 1304 2103; baseline -0.002 -29"><span class='ocrx_word' id='word_1_128' title='bbox 236 2003 441 2103; x_wconf 88' lang='lat' dir='ltr'>Quomodo</span> <span class='ocrx_word' id='word_1_129' title='bbox 458 2002 551 2080; x_wconf 90' lang='lat' dir='ltr'>enim</span> <span class='ocrx_word' id='word_1_130' title='bbox 568 2000 698 2093; x_wconf 89' lang='lat' dir='ltr'>justum</span> <span class='ocrx_word' id='word_1_131' title='bbox 717 2003 785 2073; x_wconf 87' lang='lat' dir='ltr'>erit</span> <span class='ocrx_word' id='word_1_132' title='bbox 805 2021 900 2090; x_wconf 87' lang='lat' dir='ltr'>eum,</span> <span class='ocrx_word' id='word_1_133' title='bbox 920 2005 977 2090; x_wconf 78' lang='lat' dir='ltr'>qui</span> <span class='ocrx_word' id='word_1_134' title='bbox 997 2003 1160 2090; x_wconf 80' lang='lat' dir='ltr'>traditur,</span> <span class='ocrx_word' id='word_1_135' title='bbox 1183 1997 1304 2092; x_wconf 79' lang='lat' dir='ltr'>quaru-</span> 
     </span>
     <span class='ocr_line' id='line_1_19' title="bbox 237 2099 1303 2196; baseline 0 -23"><span class='ocrx_word' id='word_1_136' title='bbox 237 2105 293 2175; x_wconf 88' lang='lat' dir='ltr'>vis</span> <span class='ocrx_word' id='word_1_137' title='bbox 310 2122 378 2195; x_wconf 90' lang='lat' dir='ltr'>pro</span> <span class='ocrx_word' id='word_1_138' title='bbox 398 2102 556 2194; x_wconf 86' lang='lat' dir='ltr'>peccatis</span> <span class='ocrx_word' id='word_1_139' title='bbox 579 2102 757 2176; x_wconf 78' lang='lat' dir='ltr'>trudatur¹</span> <span class='ocrx_word' id='word_1_140' title='bbox 785 2113 904 2172; x_wconf 89' lang='lat' dir='ltr'>tamen</span> <span class='ocrx_word' id='word_1_141' title='bbox 928 2099 969 2173; x_wconf 84' lang='lat' dir='ltr'>ad</span> <span class='ocrx_word' id='word_1_142' title='bbox 992 2100 1303 2196; x_wconf 77' lang='lat' dir='ltr'>concupiscentias</span> 
     </span>
     <span class='ocr_line' id='line_1_20' title="bbox 235 2199 1305 2296; baseline -0.003 -23"><span class='ocrx_word' id='word_1_143' title='bbox 235 2204 347 2292; x_wconf 87' lang='lat' dir='ltr'>tradi,</span> <span class='ocrx_word' id='word_1_144' title='bbox 366 2199 405 2271; x_wconf 73' lang='grc' dir='ltr'>δι”</span> <span class='ocrx_word' id='word_1_145' title='bbox 419 2203 461 2271; x_wconf 89' lang='lat' dir='ltr'>ad</span> <span class='ocrx_word' id='word_1_146' title='bbox 479 2200 551 2272; x_wconf 88' lang='lat' dir='ltr'>boc</span> <span class='ocrx_word' id='word_1_147' title='bbox 569 2201 674 2289; x_wconf 90' lang='lat' dir='ltr'>tradi,</span> <span class='ocrx_word' id='word_1_148' title='bbox 693 2217 734 2270; x_wconf 93' lang='lat' dir='ltr'>ut</span> <span class='ocrx_word' id='word_1_149' title='bbox 752 2201 981 2272; x_wconf 80' lang='lat' dir='ltr'>immunditiis</span> <span class='ocrx_word' id='word_1_150' title='bbox 1000 2199 1305 2296; x_wconf 82' lang='lat' dir='ltr'>&amp;concupiscen-</span> 
     </span>
     <span class='ocr_line' id='line_1_21' title="bbox 235 2294 1302 2392; baseline -0.005 -16"><span class='ocrx_word' id='word_1_151' title='bbox 235 2303 295 2376; x_wconf 90' lang='lat' dir='ltr'>tiis</span> <span class='ocrx_word' id='word_1_152' title='bbox 311 2297 439 2373; x_wconf 88' lang='lat' dir='ltr'>afficiat</span> <span class='ocrx_word' id='word_1_153' title='bbox 458 2317 591 2392; x_wconf 88' lang='lat' dir='ltr'>corpus</span> <span class='ocrx_word' id='word_1_154' title='bbox 608 2294 735 2371; x_wconf 75' lang='lat' dir='ltr'>suum?</span> <span class='ocrx_word' id='word_1_155' title='bbox 762 2298 861 2371; x_wconf 87' lang='lat' dir='ltr'>Sicut</span> <span class='ocrx_word' id='word_1_156' title='bbox 880 2301 973 2373; x_wconf 88' lang='lat' dir='ltr'>enirn</span> <span class='ocrx_word' id='word_1_157' title='bbox 992 2300 1077 2373; x_wconf 90' lang='lat' dir='ltr'>huic</span> <span class='ocrx_word' id='word_1_158' title='bbox 1095 2303 1179 2392; x_wconf 87' lang='lat' dir='ltr'>qui,</span> <span class='ocrx_word' id='word_1_159' title='bbox 1199 2297 1302 2372; x_wconf 89' lang='lat' dir='ltr'>verbi</span> 
     </span>
     <span class='ocr_line' id='line_1_22' title="bbox 237 2397 1300 2492; baseline -0.006 -16"><span class='ocrx_word' id='word_1_160' title='bbox 237 2397 364 2489; x_wconf 88' lang='lat' dir='ltr'>causa,</span> <span class='ocrx_word' id='word_1_161' title='bbox 391 2401 552 2470; x_wconf 82' lang='lat' dir='ltr'>tenebris</span> <span class='ocrx_word' id='word_1_162' title='bbox 581 2401 732 2469; x_wconf 87' lang='lat' dir='ltr'>traditur</span> <span class='ocrx_word' id='word_1_163' title='bbox 758 2401 800 2468; x_wconf 85' lang='lat' dir='ltr'>sd</span> <span class='ocrx_word' id='word_1_164' title='bbox 829 2418 993 2491; x_wconf 89' lang='lat' dir='ltr'>poenam,</span> <span class='ocrx_word' id='word_1_165' title='bbox 1020 2401 1187 2492; x_wconf 88' lang='lat' dir='ltr'>imputari</span> <span class='ocrx_word' id='word_1_166' title='bbox 1219 2415 1300 2470; x_wconf 87' lang='lat' dir='ltr'>non</span> 
     </span>
     <span class='ocr_line' id='line_1_23' title="bbox 235 2495 1338 2596; baseline -0.005 -23"><span class='ocrx_word' id='word_1_167' title='bbox 235 2498 380 2596; x_wconf 86' lang='lat' dir='ltr'>potest,</span> <span class='ocrx_word' id='word_1_168' title='bbox 407 2495 504 2588; x_wconf 91' lang='lat' dir='ltr'>quod</span> <span class='ocrx_word' id='word_1_169' title='bbox 518 2498 553 2569; x_wconf 91' lang='lat' dir='ltr'>in</span> <span class='ocrx_word' id='word_1_170' title='bbox 567 2495 802 2585; x_wconf 79' lang='lat' dir='ltr'>obiburosrt3</span> <span class='ocrx_word' id='word_1_171' title='bbox 831 2499 937 2589; x_wconf 83' lang='lat' dir='ltr'>&amp;qui</span> <span class='ocrx_word' id='word_1_172' title='bbox 951 2499 1020 2590; x_wconf 92' lang='lat' dir='ltr'>lgni</span> <span class='ocrx_word' id='word_1_173' title='bbox 1041 2499 1204 2584; x_wconf 80' lang='lat' dir='ltr'>traditur,</span> <span class='ocrx_word' id='word_1_174' title='bbox 1223 2497 1301 2567; x_wconf 64' lang='lat' dir='ltr'>cul»</span> <span class='ocrx_word' id='word_1_175' title='bbox 1330 2537 1338 2592; x_wconf 78' lang='lat'>¹.</span> 
     </span>
     <span class='ocr_line' id='line_1_24' title="bbox 236 2593 1331 2696; baseline -0.003 -25"><span class='ocrx_word' id='word_1_176' title='bbox 236 2601 310 2696; x_wconf 90' lang='lat' dir='ltr'>pari</span> <span class='ocrx_word' id='word_1_177' title='bbox 330 2618 400 2691; x_wconf 91' lang='lat' dir='ltr'>pro</span> <span class='ocrx_word' id='word_1_178' title='bbox 418 2599 491 2671; x_wconf 92' lang='lat' dir='ltr'>hoc</span> <span class='ocrx_word' id='word_1_179' title='bbox 506 2593 583 2689; x_wconf 86' lang='lat' dir='ltr'>ipso</span> <span class='ocrx_word' id='word_1_180' title='bbox 599 2617 675 2670; x_wconf 93' lang='lat' dir='ltr'>non</span> <span class='ocrx_word' id='word_1_181' title='bbox 692 2596 813 2690; x_wconf 84' lang='lat' dir='ltr'>potest</span> <span class='ocrx_word' id='word_1_182' title='bbox 833 2616 895 2667; x_wconf 91' lang='lat' dir='ltr'>cur</span> <span class='ocrx_word' id='word_1_183' title='bbox 911 2610 1052 2669; x_wconf 91' lang='lat' dir='ltr'>uratur:</span> <span class='ocrx_word' id='word_1_184' title='bbox 1079 2597 1128 2667; x_wconf 89' lang='lat' dir='ltr'>ita</span> <span class='ocrx_word' id='word_1_185' title='bbox 1142 2597 1215 2686; x_wconf 88' lang='lat' dir='ltr'>bis,</span> <span class='ocrx_word' id='word_1_186' title='bbox 1235 2595 1299 2685; x_wconf 91' lang='lat' dir='ltr'>qui</span> <span class='ocrx_word' id='word_1_187' title='bbox 1329 2625 1331 2630; x_wconf 94' lang='lat'>·</span> 
     </span>
     <span class='ocr_line' id='line_1_25' title="bbox 234 2696 1299 2787; baseline -0.005 -14"><span class='ocrx_word' id='word_1_188' title='bbox 234 2697 414 2773; x_wconf 80' lang='lat' dir='ltr'>desideriis</span> <span class='ocrx_word' id='word_1_189' title='bbox 442 2697 729 2771; x_wconf 86' lang='lat' dir='ltr'>&amp;immunditiis</span> <span class='ocrx_word' id='word_1_190' title='bbox 756 2697 966 2787; x_wconf 88' lang='lat' dir='ltr'>traduntur,</span> <span class='ocrx_word' id='word_1_191' title='bbox 1001 2710 1041 2767; x_wconf 91' lang='lat' dir='ltr'>ut</span> <span class='ocrx_word' id='word_1_192' title='bbox 1070 2696 1299 2769; x_wconf 86' lang='lat' dir='ltr'>contumeliis</span> 
     </span>
     <span class='ocr_line' id='line_1_26' title="bbox 234 2794 1297 2890; baseline -0.007 -17"><span class='ocrx_word' id='word_1_193' title='bbox 234 2797 389 2873; x_wconf 88' lang='lat' dir='ltr'>afficiant</span> <span class='ocrx_word' id='word_1_194' title='bbox 407 2813 563 2890; x_wconf 87' lang='lat' dir='ltr'>corpora</span> <span class='ocrx_word' id='word_1_195' title='bbox 586 2794 666 2888; x_wconf 93' lang='lat' dir='ltr'>sua,</span> <span class='ocrx_word' id='word_1_196' title='bbox 692 2817 767 2870; x_wconf 91' lang='lat' dir='ltr'>uon</span> <span class='ocrx_word' id='word_1_197' title='bbox 787 2797 893 2890; x_wconf 85' lang='lat' dir='ltr'>digne</span> <span class='ocrx_word' id='word_1_198' title='bbox 916 2797 1099 2867; x_wconf 88' lang='lat' dir='ltr'>uidebitur</span> <span class='ocrx_word' id='word_1_199' title='bbox 1117 2795 1297 2887; x_wconf 79' lang='lat' dir='ltr'>imputari,</span> 
     </span>
     <span class='ocr_line' id='line_1_27' title="bbox 232 2892 1298 2987; baseline -0.006 -13"><span class='ocrx_word' id='word_1_200' title='bbox 232 2899 256 2974; x_wconf 91' lang='lat' dir='ltr'>s1</span> <span class='ocrx_word' id='word_1_201' title='bbox 275 2900 311 2971; x_wconf 92' lang='lat' dir='ltr'>in</span> <span class='ocrx_word' id='word_1_202' title='bbox 326 2897 503 2969; x_wconf 77' lang='lat' dir='ltr'>desideriis</span> <span class='ocrx_word' id='word_1_203' title='bbox 522 2897 554 2968; x_wconf 81' lang='lat' dir='ltr'>dc</span> <span class='ocrx_word' id='word_1_204' title='bbox 573 2896 804 2971; x_wconf 90' lang='lat' dir='ltr'>immunditiis</span> <span class='ocrx_word' id='word_1_205' title='bbox 818 2895 945 2987; x_wconf 77' lang='lat' dir='ltr'>positi,</span> <span class='ocrx_word' id='word_1_206' title='bbox 963 2913 1119 2984; x_wconf 90' lang='lat' dir='ltr'>corpora</span> <span class='ocrx_word' id='word_1_207' title='bbox 1133 2892 1190 2965; x_wconf 91' lang='lat' dir='ltr'>sua</span> <span class='ocrx_word' id='word_1_208' title='bbox 1209 2914 1298 2968; x_wconf 90' lang='lat' dir='ltr'>con·</span> 
     </span>
     <span class='ocr_line' id='line_1_28' title="bbox 233 2992 1296 3087; baseline -0.003 -17"><span class='ocrx_word' id='word_1_209' title='bbox 233 2998 388 3071; x_wconf 81' lang='lat' dir='ltr'>tomellis</span> <span class='ocrx_word' id='word_1_210' title='bbox 403 2998 595 3071; x_wconf 78' lang='lat' dir='ltr'>maculent.</span> <span class='ocrx_word' id='word_1_211' title='bbox 647 2995 816 3066; x_wconf 83' lang='lat' dir='ltr'>Marcion</span> <span class='ocrx_word' id='word_1_212' title='bbox 834 3013 942 3087; x_wconf 88' lang='lat' dir='ltr'>ergo,</span> <span class='ocrx_word' id='word_1_213' title='bbox 958 2992 991 3064; x_wconf 85' lang='lat' dir='ltr'>dt</span> <span class='ocrx_word' id='word_1_214' title='bbox 1006 3011 1155 3084; x_wconf 88' lang='lat' dir='ltr'>omnes,</span> <span class='ocrx_word' id='word_1_215' title='bbox 1176 2993 1296 3083; x_wconf 86' lang='lat' dir='ltr'>quide</span> 
     </span>
     <span class='ocr_line' id='line_1_29' title="bbox 231 3092 1296 3187; baseline -0.005 -17"><span class='ocrx_word' id='word_1_216' title='bbox 231 3096 354 3170; x_wconf 86' lang='lat' dir='ltr'>schola</span> <span class='ocrx_word' id='word_1_217' title='bbox 374 3096 472 3187; x_wconf 88' lang='lat' dir='ltr'>ejus,</span> <span class='ocrx_word' id='word_1_218' title='bbox 501 3096 605 3168; x_wconf 89' lang='lat' dir='ltr'>velut</span> <span class='ocrx_word' id='word_1_219' title='bbox 633 3092 850 3186; x_wconf 89' lang='lat' dir='ltr'>serpentium</span> <span class='ocrx_word' id='word_1_220' title='bbox 876 3093 1034 3187; x_wconf 86' lang='lat' dir='ltr'>germina</span> <span class='ocrx_word' id='word_1_221' title='bbox 1061 3093 1296 3186; x_wconf 90' lang='lat' dir='ltr'>pullularunt,</span> 
     </span>
     <span class='ocr_line' id='line_1_30' title="bbox 232 3183 1296 3286; baseline -0.008 -14"><span class='ocrx_word' id='word_1_222' title='bbox 232 3198 360 3272; x_wconf 88' lang='lat' dir='ltr'>horum</span> <span class='ocrx_word' id='word_1_223' title='bbox 378 3191 620 3268; x_wconf 88' lang='lat' dir='ltr'>absolutiones</span> <span class='ocrx_word' id='word_1_224' title='bbox 639 3213 684 3264; x_wconf 90' lang='lat' dir='ltr'>ne</span> <span class='ocrx_word' id='word_1_225' title='bbox 703 3205 869 3265; x_wconf 88' lang='lat' dir='ltr'>extremo</span> <span class='ocrx_word' id='word_1_226' title='bbox 890 3190 1031 3281; x_wconf 86' lang='lat' dir='ltr'>quidem</span> <span class='ocrx_word' id='word_1_227' title='bbox 1050 3183 1164 3286; x_wconf 82' lang='lat' dir='ltr'>digito</span> <span class='ocrx_word' id='word_1_228' title='bbox 1189 3194 1296 3263; x_wconf 90' lang='lat' dir='ltr'>attin·</span> 
     </span>
     <span class='ocr_line' id='line_1_31' title="bbox 231 3289 1295 3394; baseline -0.008 -24"><span class='ocrx_word' id='word_1_229' title='bbox 231 3317 317 3394; x_wconf 91' lang='lat' dir='ltr'>gere</span> <span class='ocrx_word' id='word_1_230' title='bbox 327 3297 530 3369; x_wconf 82' lang='lat' dir='ltr'>audebunt:</span> <span class='ocrx_word' id='word_1_231' title='bbox 556 3293 689 3385; x_wconf 89' lang='lat' dir='ltr'>quippe</span> <span class='ocrx_word' id='word_1_232' title='bbox 702 3292 762 3384; x_wconf 91' lang='lat' dir='ltr'>qui</span> <span class='ocrx_word' id='word_1_233' title='bbox 775 3303 925 3383; x_wconf 88' lang='lat' dir='ltr'>propter</span> <span class='ocrx_word' id='word_1_234' title='bbox 937 3289 1187 3380; x_wconf 87' lang='lat' dir='ltr'>hujuscemodi</span> <span class='ocrx_word' id='word_1_235' title='bbox 1201 3310 1295 3381; x_wconf 84' lang='lat' dir='ltr'>quae-</span> 
     </span>
     <span class='ocr_line' id='line_1_32' title="bbox 230 3389 1294 3488; baseline -0.003 -19"><span class='ocrx_word' id='word_1_236' title='bbox 230 3394 366 3469; x_wconf 89' lang='lat' dir='ltr'>stiones</span> <span class='ocrx_word' id='word_1_237' title='bbox 387 3410 494 3466; x_wconf 88' lang='lat' dir='ltr'>uetus</span> <span class='ocrx_word' id='word_1_238' title='bbox 518 3389 811 3476; x_wconf 84' lang='lat' dir='ltr'>Instrumentum,</span> <span class='ocrx_word' id='word_1_239' title='bbox 838 3389 946 3463; x_wconf 84' lang='lat' dir='ltr'>ficubi</span> <span class='ocrx_word' id='word_1_240' title='bbox 973 3389 1070 3461; x_wconf 87' lang='lat' dir='ltr'>sorte</span> <span class='ocrx_word' id='word_1_241' title='bbox 1090 3391 1125 3463; x_wconf 93' lang='lat' dir='ltr'>in</span> <span class='ocrx_word' id='word_1_242' title='bbox 1148 3410 1195 3462; x_wconf 88' lang='lat' dir='ltr'>eo</span> <span class='ocrx_word' id='word_1_243' title='bbox 1219 3390 1294 3488; x_wconf 83' lang='lat' dir='ltr'>tale</span> 
     </span>
     <span class='ocr_line' id='line_1_33' title="bbox 232 3488 1291 3588; baseline -0.007 -19"><span class='ocrx_word' id='word_1_244' title='bbox 232 3496 362 3587; x_wconf 90' lang='lat' dir='ltr'>aliquid</span> <span class='ocrx_word' id='word_1_245' title='bbox 383 3495 562 3588; x_wconf 87' lang='lat' dir='ltr'>legerant,</span> <span class='ocrx_word' id='word_1_246' title='bbox 589 3492 809 3581; x_wconf 87' lang='lat' dir='ltr'>abjecerunt.</span> <span class='ocrx_word' id='word_1_247' title='bbox 862 3490 931 3562; x_wconf 89' lang='lat' dir='ltr'>Sed</span> <span class='ocrx_word' id='word_1_248' title='bbox 952 3491 1036 3582; x_wconf 92' lang='lat' dir='ltr'>quid</span> <span class='ocrx_word' id='word_1_249' title='bbox 1063 3489 1114 3561; x_wconf 82' lang='lat' dir='ltr'>eis</span> <span class='ocrx_word' id='word_1_250' title='bbox 1137 3488 1291 3583; x_wconf 80' lang='lat' dir='ltr'>profuit,</span> 
     </span>
     <span class='ocr_line' id='line_1_34' title="bbox 231 3587 1294 3678; baseline -0.004 -10"><span class='ocrx_word' id='word_1_251' title='bbox 231 3616 312 3668; x_wconf 91' lang='lat' dir='ltr'>cum</span> <span class='ocrx_word' id='word_1_252' title='bbox 333 3594 499 3666; x_wconf 79' lang='lat' dir='ltr'>similibus</span> <span class='ocrx_word' id='word_1_253' title='bbox 521 3591 754 3663; x_wconf 90' lang='lat' dir='ltr'>nibilominus</span> <span class='ocrx_word' id='word_1_254' title='bbox 772 3592 863 3663; x_wconf 90' lang='lat' dir='ltr'>novi</span> <span class='ocrx_word' id='word_1_255' title='bbox 881 3587 1109 3662; x_wconf 88' lang='lat' dir='ltr'>Instrumenti</span> <span class='ocrx_word' id='word_1_256' title='bbox 1131 3587 1294 3678; x_wconf 84' lang='lat' dir='ltr'>quaestio&#39;·</span> 
     </span>
     <span class='ocr_line' id='line_1_35' title="bbox 227 3675 1292 3785; baseline -0.007 -18"><span class='ocrx_word' id='word_1_257' title='bbox 227 3695 333 3768; x_wconf 89' lang='lat' dir='ltr'>nibus</span> <span class='ocrx_word' id='word_1_258' title='bbox 356 3686 625 3785; x_wconf 76' lang='lat' dir='ltr'>praesocenturi</span> <span class='ocrx_word' id='word_1_259' title='bbox 675 3687 758 3762; x_wconf 89' lang='lat' dir='ltr'>Nos</span> <span class='ocrx_word' id='word_1_260' title='bbox 783 3705 926 3772; x_wconf 79' lang='lat' dir='ltr'>tamen,</span> <span class='ocrx_word' id='word_1_261' title='bbox 954 3689 1012 3779; x_wconf 89' lang='lat' dir='ltr'>qui</span> <span class='ocrx_word' id='word_1_262' title='bbox 1038 3707 1147 3760; x_wconf 90' lang='lat' dir='ltr'>rmum</span> <span class='ocrx_word' id='word_1_263' title='bbox 1174 3675 1292 3766; x_wconf 85' lang='lat' dir='ltr'>Deum</span> 
     </span>
    </p>

    <p class='ocr_par' dir='ltr' id='par_1_8' title="bbox 82 3782 1294 4060">
     <span class='ocr_line' id='line_1_36' title="bbox 82 3782 1294 3884; baseline -0.004 -17"><span class='ocrx_word' id='word_1_264' title='bbox 82 3809 87 3826; x_wconf 91' lang='grc'>··</span> <span class='ocrx_word' id='word_1_265' title='bbox 227 3796 365 3866; x_wconf 84' lang='lat' dir='ltr'>bonurn</span> <span class='ocrx_word' id='word_1_266' title='bbox 387 3787 568 3884; x_wconf 86' lang='lat' dir='ltr'>&amp;justum</span> <span class='ocrx_word' id='word_1_267' title='bbox 594 3789 720 3884; x_wconf 86' lang='lat' dir='ltr'>Legis,</span> <span class='ocrx_word' id='word_1_268' title='bbox 747 3789 780 3859; x_wconf 81' lang='lat' dir='ltr'>dt</span> <span class='ocrx_word' id='word_1_269' title='bbox 805 3787 1088 3880; x_wconf 88' lang='lat' dir='ltr'>Prophetarum,</span> <span class='ocrx_word' id='word_1_270' title='bbox 1117 3782 1294 3863; x_wconf 82' lang='lat' dir='ltr'>&amp;Evan-</span> 
     </span>
     <span class='ocr_line' id='line_1_37' title="bbox 226 3885 1292 4060; baseline -0.007 -93"><span class='ocrx_word' id='word_1_271' title='bbox 226 3894 402 3991; x_wconf 88' lang='lat' dir='ltr'>geliorutn</span> <span class='ocrx_word' id='word_1_272' title='bbox 421 3888 559 3966; x_wconf 88' lang='lat' dir='ltr'>Patrem</span> <span class='ocrx_word' id='word_1_273' title='bbox 577 3885 705 3963; x_wconf 84' lang='lat' dir='ltr'>Christi</span> <span class='ocrx_word' id='word_1_274' title='bbox 723 3886 898 3980; x_wconf 76' lang='lat' dir='ltr'>letemur,</span> <span class='ocrx_word' id='word_1_275' title='bbox 919 3888 1053 3961; x_wconf 86' lang='lat' dir='ltr'>eisdem</span> <span class='ocrx_word' id='word_1_276' title='bbox 1068 3887 1292 4060; x_wconf 59' lang='lat' dir='ltr'>explagatio·</span> 
     </span>
    </p>

    <p class='ocr_par' dir='ltr' id='par_1_9' title="bbox 869 3989 1290 4060">
     <span class='ocr_line' id='line_1_38' title="bbox 869 3989 1290 4060; baseline 0 0"><span class='ocrx_word' id='word_1_277' title='bbox 869 4023 873 4033; x_wconf 92' lang='lat'>·</span> <span class='ocrx_word' id='word_1_278' title='bbox 1136 3989 1172 4059; x_wconf 90' lang='lat' dir='ltr'>nl</span> <span class='ocrx_word' id='word_1_279' title='bbox 1200 4007 1240 4060; x_wconf 91' lang='lat' dir='ltr'>us</span> <span class='ocrx_word' id='word_1_280' title='bbox 1285 4001 1290 4010; x_wconf 91' lang='grc'><strong><em>’</em></strong></span> 
     </span>
    </p>
   </div>
   <div class='ocr_carea' id='block_1_3' title="bbox 0 0 1418 4559">
    <p class='ocr_par' dir='ltr' id='par_1_10' title="bbox 0 0 1418 4559">
     <span class='ocr_line' id='line_1_39' title="bbox 0 0 1418 4559; baseline 0 4"><span class='ocrx_word' id='word_1_281' title='bbox 0 0 1418 4559; x_wconf 95' lang='lat' dir='ltr'> </span> 
     </span>
    </p>
   </div>
  </div>
 </body>
</html>
