2825 4559
287 373 351 452 tn
374 329 552 450 ners'r.
579 369 656 446 nn
681 333 914 449 noman.
941 369 1098 452 matr.
1182 395 1227 473 Ι·,

160 541 252 637 jogli
271 536 392 612 servus
409 547 567 610 vocatus
581 531 657 624 ost,
681 533 831 606 ilbertus
847 532 897 606 est
912 535 1072 610 Domini.
1104 535 1231 612 ubera

162 659 223 716 tus
244 639 339 712 enim
360 657 479 727 neque
502 657 546 707 ex
569 635 713 736 integro
739 635 847 718 liber,
874 651 993 726 neque
1016 657 1059 724 ex
1082 637 1229 732 integro

162 741 288 814 servus
311 734 372 810 est.
424 735 461 806 Si
482 736 521 806 in
546 735 684 805 ceteris
706 734 903 810 virtutibus
928 737 1019 809 liber
1044 737 1175 829 fuerit,
1202 735 1230 816 sn

162 839 275 929 fidei,
302 837 506 929 patientiae,
532 833 805 924 misericordiae,
835 832 977 923 just-itlae
1003 837 1161 908 tenuerit
1190 838 1232 909 li·

162 935 371 1027 bertatem‚
402 936 552 1007 libertus
578 935 726 1007 Domini
754 935 976 1029 appellatur,·
1008 949 1138 1028 utpote
1168 929 1229 1028 qui

164 1058 236 1134 pro
260 1037 367 1110 animi
394 1033 785 1124 virtutibusliberlrt,
814 1032 847 1107 &
870 1053 938 1123 pro
964 1035 1143 1130 conjugali
1169 1055 1250 1110 ne·¹

164 1137 322 1212 oeffitate
341 1133 383 1207 stt
400 1132 535 1208 servus.
587 1132 697 1204 Liber
718 1151 810 1204 vero
836 1131 907 1222 est,
935 1134 1087 1223 quisine
1112 1157 1232 1212 uxore

163 1234 230 1334 p'er
252 1235 443 1329 puritatem
476 1233 711 1305 continentior
734 1235 837 1323 uenit
861 1234 903 1304 ad
932 1233 1132 1324 Christum,
1168 1239 1230 1327 qul
1273 1295 1276 1304 .

167 1353 287 1411 tamon
305 1334 428 1430 servus
445 1331 572 1406 Christi
592 1329 764 1422 efficitur,
791 1333 873 1403 dum
891 1353 935 1404 ex
954 1336 1096 1429 integro
1117 1339 1229 1409 virtu.

166 1439 264 1509 tibus
283 1433 402 1509 servit.
436 1432 564 1505 Paulus
583 1450 686 1528 ergo,
702 1431 790 1502 sicut
809 1432 947 1520 quidam
968 1435 1126 1528 tradunt,
1146 1457 1228 1513 cum

164 1557 286 1610 rurore
305 1546 459 1607 uocatus
475 1532 545 1606 est:
571 1530 617 1603 de
635 1551 704 1621 qua
728 1531 814 1602 dicit
832 1532 874 1602 ad
891 1531 1131 1627 Philippenses
1149 1533 1231 1608 scri·
1259 1611 1262 1618 ,
1282 1525 1290 1532 ’

166 1640 277 1710 bens:
307 1638 388 1726 Rogo
403 1637 498 1704 eriam
513 1651 563 1718 ru,
585 1655 732 1726 germane
750 1651 888 1722 compar,
914 1635 1034 1724 adjuva
1047 1638 1141 1705 illas:
1169 1641 1231 1726 qul

167 1737 339 1828 quoniam
359 1736 402 1807 ab
426 1731 499 1826 ipsa
523 1753 566 1803 ex
588 1729 761 1828 consensu
782 1733 872 1800 liber
896 1730 1043 1805 effedlus
1064 1735 1135 1826 est,
1165 1737 1234 1809 ser·

167 1858 254 1911 vum
282 1833 325 1924 se¹
339 1831 503 1908 nominat
521 1829 662 1904 Christi.
712 1829 747 1902 Si
770 1851 884 1917 vero,
913 1846 953 1901 ut
977 1836 1052 1905 aliis
1068 1837 1231 1930 uidetur,

165 1938 239 2013 line
254 1952 393 2025 uxore,
416 1932 648 2006 nihilominus
665 1931 725 2022 qui
742 1930 833 2000 libor
848 1945 1000 2004 vocatus
1018 1933 1088 2024 est,
1107 1935 1231 2010 torvus

168 2037 219 2110 est
235 2032 379 2107 Christi.
429 2032 527 2125 Quid
546 2031 596 2103 est
615 2045 733 2104 autem
752 2027 892 2102 servum
906 2029 976 2103 elle
997 2030 1146 2124 Christi,
1168 2035 1232 2110 nist

167 2136 267 2227 quod
282 2131 339 2206 ‘est
360 2130 501 2204 servum
519 2129 589 2202 elle
605 2131 708 2204 verbi
729 2127 821 2210 Dei,
848 2126 1049 2224 sapientie,
1073 2135 1231 2228 justitia,

164 2236 354 2325 veritatis,
382 2231 416 2302 dr
437 2231 598 2303 omnium
617 2229 770 2304 omnino
790 2230 987 2322 virtutum,
1016 2238 1233 2324 quaomnia
1303 2301 1306 2308 .

168 2333 329 2408 Christus
350 2327 427 2403 est?
478 2329 548 2401 Sed
569 2329 726 2420 &illud‚
752 2328 960 2421 dividetur,
986 2333 1023 2404 in
1047 2335 1120 2406 hoc
1144 2336 1233 2408 loco

167 2435 361 2520 addamus,
388 2431 486 2521 quod
506 2427 595 2501 sicut
612 2426 779 2515 scientia,
809 2449 885 2517 quae
900 2451 996 2502 nunc
1011 2431 1114 2504 datur
1137 2433 1234 2508 sanc·

170 2539 242 2625 tis,
265 2551 329 2626 per
350 2529 529 2621 speculum
548 2529 653 2598 datur
670 2528 704 2598 δι
726 2529 764 2600 in
787 2528 996 2621 aenigmate,
1024 2531 1056 2602 dt
1076 2536 1234 2625 prophe.

176 2635 247 2734 tia,
273 2631 455 2702 &caetera
477 2628 573 2699 dona
594 2627 747 2718 Spiritus
773 2624 898 2698 santii:
931 2629 979 2700 ita
1007 2630 1040 2702 dt
1066 2634 1232 2726 libertas,-

173 2753 253 2823 quae
272 2750 368 2804 nunc
390 2726 513 2801 sanetis
535 2724 746 2820 praestatur,
773 2726 937 2798 nondum
958 2731 1064 2819 plena
1085 2734 1233 2808 libertae

170 2829 327 2918 est‚.sed
350 2830 455 2900 velut
475 2848 532 2923 per
547 2826 726 2920 speculum,
752 2824 789 2901 ὅ
818 2831 853 2894 r'n
875 2831 1057 2919 aerrigmate:
1090 2831 1233 2906 &ideo
1272 2837 1275 2844 ’

168 2929 278 3006 santii
298 2929 423 3002 servos
441 2927 475 2999 so
494 2925 563 2999 elle
582 2927 730 3017 dicunt,
757 2926 800 2998 ad
816 2932 1123 3018 comparationem
1140 2934 1235 3008 illius

169 3029 370 3121 libertatis,
397 3049 473 3117 quae
485 3028 575 3119 facie
588 3029 627 3097 od
639 3026 759 3118 faciem
779 3027 956 3103 tribuitur.
1008 3032 1081 3125 Qui
1101 3035 1236 3108 etenim
1306 3071 1308 3078 ·

163 3129 294 3225 potest
312 3129 350 3200 in
376 3147 483 3200 carne
503 3129 580 3217 quis
599 3126 737 3220 positus
762 3125 904 3218 adipisci
931 3131 1103 3223 integram
1130 3133 1239 3203 liber·

171 3245 308 3319 tatem,
334 3240 376 3300 ut
392 3227 428 3297 in
443 3229 546 3298 nullo
561 3224 633 3322 jam
648 3224 780 3298 serviat
799 3225 922 3299 carni?
972 3228 1073 3302 Sicut
1091 3252 1161 3304 nec
1178 3232 1238 3305 ad·

173 3333 364 3422 optionem
382 3323 538 3400 filiorum
562 3328 638 3417 quis
655 3327 692 3398 in
711 3345 868 3417 corpore
886 3324 1019 3417 positus
1038 3331 1169 3404 habere
1189 3353 1237 3408 ex

170 3429 316 3523 integro
338 3424 469 3519 potest.
520 3422 646 3516 Atque
668 3427 804 3498 utinam
831 3427 906 3499 hoc
927 3425 1047 3502 saltem
1078 3432 1238 3506 obtineri

154 3529 279 3624 'poffit
303 3529 340 3602 in
363 3527 440 3597 vita
461 3527 693 3615 mortalium,
719 3539 760 3595 ut
784 3523 904 3598 servus
932 3531 1010 3617 quis
1037 3528 1163 3606 Chrilli
1189 3553 1236 3604 ex

170 3631 319 3724 integro
339 3623 421 3698 fiat:
448 3625 572 3698 &non
592 3627 715 3714 carni,
742 3644 817 3698 non
834 3625 1011 3722 sanguini,
1038 3650 1114 3702 non
1132 3653 1239 3704 vanu

171 3730 324 3826 gloriae,
349 3746 425 3800 non
451 3726 657 3816 cupiditati,
682 3743 762 3796 non
787 3728 965 3820 avaritie,
995 3747 1072 3801 non
1098 3732 1240 3802 irarum

172 3829 265 3918 diae,
290 3847 370 3901 non
388 3825 554 3912 invidiae3
580 3823 639 3898 led
658 3825 719 3914 qui
736 3821 799 3896 soli
819 3823 980 3917 Christo,
1008 3829 1132 3921 idest,
1161 3851 1253 3902 ome
1297 3869 1317 3910 0,

169 3931 278 4010 nibus
302 3926 403 4002 simul
423 3927 619 3998 virtutibus
641 3922 786 3996 serviat.
846 3925 933 3998 Haec
958 3926 1004 4000 de
1032 3948 1105 4021 eo,
1139 3928 1245 4021 quod
1303 3893 1317 4024 ⁴

170 4031 343 4132 scripturo
360 4023 429 4106 estt
458 4026 577 4106 Paulus
587 4024 705 4120 sonus
726 4025 812 4125 Jesu
830 4027 968 4136 cirilli.
1314 4035 1316 4040 ’

473 4173 479 4186 ·
668 4129 721 4236 du,
736 4151 761 4232 ς
1055 4153 1099 4214 2.
1128 4131 1239 4208 liuto«
1287 4181 1300 4274 ζ
