2825 4559
227 345 291 423 ln
316 338 492 418 trist.
520 339 597 415 Ao
623 334 855 413 nontin.
879 332 984 413 nro.
1013 334 1107 411 vn.
1132 454 1138 462 .
1162 317 1243 433 351'

169 512 278 584 Evam
296 531 422 576 uxorem
436 506 547 593 suam,
579 521 647 596 pro
673 520 743 594 eo,
768 510 810 571 ut
835 498 952 589 dicat,
980 500 1156 574 admixtus
1183 504 1235 580 est

165 607 275 682 uxori
298 604 376 679 iure.
431 603 477 676 Et
493 609 623 677 iteruin
642 602 687 673 de
704 600 871 673 Rebecca
887 602 992 673 dicit:
1025 605 1119 693 Virgo
1144 625 1234 696 erar,
1274 681 1278 688 ,

155 717 222 780 vir
239 732 304 777 non
318 722 503 799 cognoverat
519 727 596 775 eom.
648 698 718 772 Sed
741 700 775 771 dt
797 698 843 771 de
866 696 947 772 filiis
972 697 1062 773 Levi
1090 701 1233 803 dicitur,

166 828 250 884 cum
269 807 564 899 prevaricatores
582 803 773 896 punirent,
807 799 888 889 quia
911 818 989 872 non
1013 813 1234 897 cognoverit

164 908 410 997 unusquisque
428 918 564 998 patrem
579 899 679 974 suum
694 911 755 972 sut
771 911 922 972 matrem
938 897 1042 974 suant.
1093 902 1136 973 In
1156 928 1230 996 quo

165 1007 240 1082 stne
257 1006 368 1078 dubio
386 1005 461 1076 hoc
474 998 695 1091 ostenditur,
723 999 904 1090 quianon
923 998 1043 1091 jnnxit
1068 998 1233 1086 affedum

165 1105 265 1180 suurn
281 1105 314 1176 dr
332 1123 489 1177 amorem
506 1122 587 1175 curn
603 1113 705 1193 patre
721 1100 781 1170 vel
797 1117 918 1173 matre.
971 1099 1040 1170 Sed
1065 1102 1096 1170 ἃ
1122 1108 1234 1187 muita

165 1205 360 1279 secundum
383 1206 478 1275 hunc
498 1200 632 1274 sensum
655 1201 692 1271 in
707 1198 899 1291 scripturis
916 1198 961 1270 de
977 1200 1234 1295 cognoscendo

166 1304 330 1379 invenies
348 1304 456 1376 ditis:
485 1304 517 1373 dr
534 1301 617 1373 ideo
634 1302 740 1372 etiarn
757 1301 794 1371 in
811 1295 971 1392 presenti
989 1301 1234 1383 iococonstat

126 1419 129 1428 ·
167 1402 388 1497 Apostolum
404 1399 596 1475 secundum
612 1396 807 1491 Scripturae·
820 1394 1233 1483 ssereconsuetudinern

159 1500 413 1599 'cognoscendi
436 1498 587 1594 posuitie
603 1497 831 1590 sermonem,
856 1511 898 1568 ut
921 1483 1004 1574 ilio&
1032 1501 1238 1597 ostenderet

169 1604 413 1699 precognitos
430 1622 449 1671 a
467 1601 572 1691 Deo,
599 1600 795 1689 inquibus,
821 1598 934 1671 sciens
962 1605 1081 1692 quates
1108 1604 1236 1692 effent,

172 1723 331 1777 amorem
347 1700 444 1773 suurn
463 1700 560 1772 D‘eus
580 1696 816 1796 effestumque
832 1697 1019 1794 posuiii‘et,
1047 1699 1237 1784 secundum

177 1800 274 1892 quod
292 1801 398 1871 etiam
416 1800 503 1872 iilud
519 1797 688 1892 scriptum
705 1796 775 1870 est:
805 1802 959 1893 Cognovit
991 1805 1146 1874 Dominus
1173 1835 1239 1897 eos,

174 1902 319 1998 qursunr
335 1905 421 1996 ejus:
449 1919 528 1971 cum
551 1900 696 1988 utique,
722 1897 893 1988 quintum
910 1901 952 1974 ad
967 1901 1064 1978 istam
1080 1889 1241 1981 cominu·

170 2021 255 2073 nem
273 1998 452 2074 scientiam
468 2001 644 2089 pertinet,
668 1995 770 2069 Deus
789 2020 864 2079 non
880 1998 992 2076 solum
1009 2023 1092 2089 eos,
1113 2009 1172 2097 qui
1188 2005 1239 2081 sui

172 2101 276 2190 sunt,
288 2181 289 2188 Ν
302 2098 359 2170 sed
378 2098 410 2168 dt
426 2118 512 2189 eos,
539 2099 599 2185 qui
615 2109 769 2169 errante
786 2096 840 2188 se,
866 2119 942 2171 non
960 2104 1114 2195 ignoret.
1166 2105 1240 2179 Sed

144 2191 386 2295 'cognoviffe
411 2195 493 2268 suos
519 2196 674 2288 dicitur,
701 2199 774 2268 hoc
801 2198 871 2290 est,
898 2201 934 2272 in
961 2202 1153 2278 diieiiione
1178 2207 1240 2278 he·
1295 2243 1297 2248 ·

173 2296 305 2388 buiiie‚
331 2298 464 2387 sibique
485 2293 638 2367 socisffe.
691 2294 746 2369 lta
761 2316 847 2392 ergo
861 2323 935 2393 quos
946 2304 1105 2394 praefiivir
1122 2302 1241 2398 Deus,
1338 2325 1340 2331 ·

176 2399 248 2468 ilios
265 2398 304 2472 U
316 2398 571 2493 pradestinavit:
596 2394 635 2468 U
656 2385 730 2491 q'tor
747 2398 1003 2492 pradestinavit,
1028 2404 1098 2472 illos
1121 2405 1160 2477 (5
1180 2430 1240 2476 vo·

177 2505 286 2569 couirt
311 2495 350 2573 (i
368 2521 437 2594 quos
455 2501 605 2578 vocavit,
632 2495 702 2564 illos
718 2496 756 2569 U
766 2497 967 2591 juflfficovr't.
994 2498 1162 2596 Superest
1175 2522 1243 2578 no·

176 2600 233 2672 bis
251 2597 367 2670 adhuc
388 2597 481 2680 illins
499 2591 698 2686 questionis
717 2593 919 2687 absolutio,
947 2604 1136 2691 quomodo
1162 2629 1240 2697 quos

170 2702 325 2783 -vocavir,
351 2697 420 2766 iilos
434 2696 473 2770 (u
483 2696 691 2789 justificavit,
720 2716 801 2770 cum
818 2695 1010 2773 secundum
1027 2720 1083 2793 er,
1094 2720 1172 2793 quae
1188 2702 1242 2776 su·

175 2817 242 2893 pra
258 2798 423 2876 diximus,
436 2793 578 2868 constet
593 2793 727 2867 multos
744 2792 814 2867 eise
830 2810 1006 2879 vocatos,
1032 2820 1169 2894 paucos
1184 2823 1243 2876 eu·
1271 2895 1273 2900 Ι
1327 2809 1329 2828 “

176 2912 251 2971 tem
274 2894 420 2970 eieiios.
471 2896 540 2968 Sed
557 2892 700 2966 videtur
716 2895 801 2968 mihi
816 2893 886 2968 effe
900 2899 1056 2990 quedam
1077 2896 1243 2977 vocatio·
1273 2905 1276 2912 “

175 2999 235 3071 nis
251 2993 471 3084 differentia,
498 2992 690 3067 secundum
708 2991 814 3086 iliud,
832 2990 930 3087 quod
945 2999 982 3071 in
998 2999 1170 3092 superiori
1188 3022 1244 3076 cs·

178 3097 297 3191 pitulo
315 3093 561 3188 exposuimus,
589 3093 671 3184 quia
695 3111 821 3167 ornnes
847 3095 990 3185 quidem
1005 3101 1131 3172 vocati
1147 3102 1242 3195 sunt,

178 3211 402 3268 nontamen
428 3213 555 3265 ornnes
581 3195 749 3280 secundum
773 3196 959 3288 propofirum
990 3201 1114 3270 vocati
1148 3199 1241 3276 sunt.
1289 3238 1292 3260 ·
1328 3207 1340 3312 ’1

178 3293 274 3368 Narn
294 3295 351 3383 hi,
378 3295 436 3385 qui
453 3292 643 3365 secundum
662 3291 887 3385 propositum
906 3296 1042 3370 bonum
1061 3298 1244 3375 &bonam

176 3397 425 3482 voluntatem,
449 3412 552 3483 quant
570 3391 663 3462 circs
685 3391 757 3464 Dei
774 3394 910 3494 cultum
932 3415 1080 3492 gerunt,
1106 3418 1245 3476 vocan-

178 3508 259 3583 tur,
286 3493 348 3586 ipit
365 3492 457 3582 sunt,
473 3492 531 3580 qni
548 3493 711 3573 [acumem
722 3493 903 3587 propofirum
918 3499 1041 3568 vocati
1055 3498 1243 3577 dicuntur:

123 3652 136 3671 Ι
178 3593 212 3665 dt
231 3591 285 3665 isti
303 3591 402 3681 sunt,
429 3592 488 3683 qui
504 3590 628 3663 vocati
641 3586 888 3681 justificantur.
940 3589 1047 3670 Bono
1066 3601 1159 3673 enirn
1181 3620 1243 3673 eo·

175 3712 255 3765 rum
274 3689 464 3784 proposito
480 3684 688 3761 deerrtsole
704 3694 867 3766 vocatio.
894 3689 943 3766 Hi
961 3711 1072 3786 vero,
1090 3702 1243 3787 quinon

178 3791 315 3863 habent
339 3793 476 3865 bonnm
500 3785 682 3879 fixumque
705 3791 930 3883 proposstunt
956 3795 1017 3866 vel
1044 3813 1126 3889 erga
1151 3798 1242 3871 divi·
1295 3835 1299 3842 ·

176 3911 262 3965 nurn
282 3892 438 3985 cultum,
464 3889 526 3960 vel
549 3907 631 3983 erga
656 3907 750 3979 opus
775 3893 932 3984 bonurn,
959 3912 1141 3967 vocantur
1165 3901 1243 3990 qui·

176 3991 260 4066 dein
280 3989 416 4094 oripi,
440 4009 489 4065 ne
507 3992 558 4064 eit
572 3984 756 4063 excusatio
773 3991 1010 4091 relinquetur,
1028 3995 1155 4068 &hec
1169 3991 1252 4088 ipis

301 4101 304 4106 ’
1129 4094 1224 4182 pefi-
1281 4129 1299 4144 ..
