2825 4559
205 324 470 419 rurrtsr.
496 332 577 411 ro
602 332 832 414 uomnrr.
858 288 1016 415 traqr.
1074 356 1154 431 ae

155 504 236 579 veri
250 492 369 575 cultus
388 498 537 575 nomine
552 496 723 592 separati,
743 498 851 573 rebus
868 501 919 574 eis
939 513 1046 591 atque
1065 496 1145 598 aiil·

147 630 150 673 l
175 602 368 677 sociemur.
420 598 568 671 Certum
592 596 643 670 est
669 601 791 683 enim,
818 600 899 691 quia
924 600 1012 691 qui,
1038 599 1145 677 verbi

148 702 203 797 fa,
219 703 381 796 repletus
399 698 450 771 est
464 698 673 791 iniquitate,
698 697 854 789 malitia,
875 702 1046 791 nequitia,
1064 720 1148 774 ava·

147 814 182 895 i,
209 820 289 875 non
307 798 612 895 probavitDeum
630 796 763 870 habere
780 797 815 872 in
830 800 1017 889 notitiam,
1045 801 1077 875 dr
1095 798 1148 874 est
1252 836 1261 841 ·

147 920 302 977 numero
320 894 480 989 eorum,
497 916 590 987 quor
611 896 754 969 tradidit
774 896 874 972 Daue
889 900 927 971 in
948 903 1170 990 reprobum·

147 1004 234 1077 llrm.
285 992 335 1071 Et
348 998 479 1071 iterum
494 1015 647 1087 quorum
659 994 813 1068 ioemlnae
830 996 1070 1092 velmasculi,
1097 1018 1151 1073 re·
1287 1012 1294 1021 ·

147 1121 166 1175 o
195 1096 468 1187 naturalium,
496 1094 743 1169 accenduntur
766 1099 802 1167 in
828 1116 909 1171 eum
936 1097 1060 1193 usum,
1088 1100 1149 1191 qul

147 1214 211 1275 itta
233 1211 395 1273 naturam
420 1194 491 1287 est,
518 1207 657 1269 certum
681 1193 733 1267 est
756 1196 837 1286 quia
858 1216 903 1269 ex
920 1198 1065 1271 illorum
1084 1220 1152 1270 nu.

147 1316 180 1381 ὀ
201 1297 310 1390 sunt,
337 1296 396 1386 qui
411 1292 572 1369 serviunt
585 1308 756 1367 creaturae
774 1298 895 1387 potius
917 1318 1021 1389 quam
1041 1298 1150 1371 Cret·

147 1401 177 1493 i,
206 1396 244 1470 dr
270 1414 362 1487 quor
386 1394 532 1467 tradidit
555 1394 655 1467 Deus
673 1393 709 1465 in
734 1395 906 1485 paffiones
931 1399 1149 1493 ignominie.

147 1498 209 1571 l&
227 1496 254 1569 sr
273 1498 333 1588 qui
349 1495 386 1567 in
402 1492 624 1581 immunditia
642 1495 871 1567 contumeliis
896 1493 1050 1570 afficiant
1072 1516 1153 1569 cor·

147 1620 175 1669 ἰ
196 1593 280 1686 sua,
307 1614 351 1667 ex
372 1594 439 1666 illis
462 1590 561 1687 sunt,
588 1596 646 1683 qui
668 1606 985 1668 commutaverunt
1001 1597 1152 1693 gloriam
1283 1666 1288 1681 ,

147 1694 374 1789 orrup'tibilir
391 1692 459 1764 Dei
475 1691 786 1765 imsimilitudinem
802 1694 960 1789 imaginis
977 1697 1153 1788 hominir3

147 1860 150 1869 ,
179 1794 278 1885 quod
301 1792 469 1889 graviore
492 1790 675 1886 sacrilegio
693 1794 747 1882 ia,
774 1793 832 1880 qui
849 1794 920 1883 jam
941 1792 1054 1867 fidelis
1078 1796 1150 1887 est,

147 1896 265 1989 rplum
285 1892 378 1985 Dei,
404 1911 508 1984 quam
530 1890 703 1981 profanus
727 1890 843 1962 adhuc
864 1896 1038 1986 templum
1065 1916 1154 1971 con·
1192 1924 1195 1929 ·

147 2008 243 2069 nnat
267 1992 462 2065 idolorum.
497 1989 603 2063 Non
631 1989 682 2063 est
707 1989 1079 2082 sanepraetereundur
1104 2018 1153 2071 ne

147 2120 151 2161 e
169 2092 315 2186 quidem
331 2089 566 2184 Apostolicur
583 2087 784 2181 sermo,··in
801 2086 880 2180 quo
892 2093 1036 2186 dicens,
1064 2117 1154 2187 quo·

147 2216 182 2271 m
196 2207 471 2265 commutaverunt
482 2192 617 2283 gloriam
631 2191 884 2283 incurruptibilis
904 2196 989 2281 Dei,
1016 2201 1053 2265 in
1061 2198 1154 2288 fimi.

147 2296 263 2365 illimem
288 2294 433 2385 imaginis
450 2292 611 2377 hominis,
638 2310 713 2361 non
733 2288 844 2362 solum
866 2310 953 2383 eor,
979 2297 1038 2384 qui
1056 2296 1155 2372 idola

150 2408 244 2484 unt,
267 2411 440 2487 arguere,
467 2387 526 2463 sed
546 2389 579 2464 o
603 2390 1000 2483 Anthropomorphitar
1027 2396 1155 2469 intelli-

147 2494 231 2567 1dus
256 2490 308 2569 est
333 2488 547 2580 confutare,
574 2489 691 2583 quiin
719 2485 876 2561 Ecclesia
900 2490 1005 2581 poirti
1032 2494 1154 2589 imagi.

147 2612 180 2667 m
195 2610 409 2684 corpoream
425 2587 604 2678 hominia,
629 2588 700 2661 Dei
720 2585 790 2659 elle
807 2587 994 2680 imaginem
1015 2592 1155 2682 dicunt,
1286 2666 1293 2679 ,

147 2704 303 2763 rorantes
331 2690 444 2779 illud,
469 2687 568 2778 quod
593 2688 630 2758 in
657 2684 784 2761 Genesi
817 2683 1084 2785 scriptumest,
1112 2693 1156 2767 ad
1249 2696 1252 2701 '

147 2784 1158 2981 1111311111111111111111111111

147 2992 204 3065 :itt
236 2994 432 3084 Deponentes
448 3006 585 3075 urrerem
604 2988 761 3055 hominem
780 3010 847 3055 cum
865 2985 990 3081 ordibus
1002 2992 1090 3080 suis,
1115 2991 1156 3070 dy

147 3092 265 3179 latenrer
283 3112 420 3174 mum,
447 3095 502 3183 qui
512 3088 677 3175 secundum
696 3092 802 3156 Deum
819 3105 939 3157 creatus
956 3089 1006 3185 eft.
1042 3092 1159 3167 Audit

147 3190 183 3260 ia
203 3208 347 3263 novum
375 3188 562 3263 hominem·
584 3187 672 3259 dicit
696 3183 887 3261 secundum
916 3187 1035 3262 Deum
1062 3210 1159 3265 crea·
1227 3274 1230 3279 g

147 3290 200 3363 mi
249 3288 359 3372 llunc
377 3286 664 3363 autemeundem
684 3306 823 3357 novum
840 3287 1048 3381 hominem,
1075 3292 1161 3368 alibi

147 3394 286 3459 rariorem
300 3390 456 3457 hominem
477 3399 607 3459 vocati
634 3386 905 3476 corruptibilem
929 3407 1022 3461 vero
1046 3388 1159 3487 hunc,

147 3490 201 3581 jur
215 3488 276 3561 hie
291 3483 646 3583 imaginemrelpuit,
663 3486 880 3561 exteriorem
898 3488 1063 3560 nominat
1078 3510 1161 3571 cum

147 3589 208 3660 rit:
236 3590 326 3661 Nam
341 3589 380 3663 di
391 3588 422 3682 fi
441 3591 487 3670 is,
514 3590 570 3682 qui
587 3584 674 3677 faris
691 3584 732 3679 eft
753 3586 839 3656 homo
862 3586 964 3681 mlier
983 3611 1161 3685 corrumpo.
1227 3632 1231 3638 -
1282 3646 1285 3653 .

147 3712 173 3774 r,
193 3688 325 3785 [adqui
346 3693 438 3757 intas
462 3686 500 3781 eli
520 3696 706 3760 renouatur,
758 3681 806 3756 Et
827 3698 869 3759 ut
885 3687 1023 3779 planius
1045 3690 1161 3769 adhue

147 3808 178 3861 ur
194 3788 405 3861 sententiam
421 3785 532 3859 iciant
545 3780 628 3874 ilii,
639 3785 699 3873 qui
715 3784 759 3857 de
772 3786 923 3882 imagine
938 3785 1008 3859 Dei
1026 3806 1161 3882 errant,

147 3890 246 3960 ¹diant
267 3908 372 3980 quem
390 3886 484 3961 dicat
500 3883 570 3960 elle
586 3883 786 3978 Apostolus
807 3885 1015 3975 hominem,
1042 3890 1104 3978 qui
1118 3890 1172 3971 ad

147 3993 287 4092 raginero
304 3988 376 4066 Dei
398 3998 538 4073 creatur
557 3985 642 4167 eli&
661 3984 815 4065 eumad
838 3983 1191 4170 Coloilenierrgroa

241 4138 248 4150 ·
468 4106 477 4121 ‘
666 4112 690 4187 5
780 4112 820 4187 Γ
1021 4112 1150 4174 moe
