2825 4559
116 276 125 302 ’
164 289 256 425 ⁴32'4
345 295 641 406 onro'uurs
671 274 1079 409 conuertunt.
1107 395 1136 440 „
1181 341 1184 352 ’

184 495 227 567 Si
245 495 331 564 enim
341 481 510 579 sisinium
522 515 647 568 earnem
660 497 835 581 vixeritis,
862 496 1050 569 moriemini.
1078 493 1177 591 Quid
1193 514 1255 569 au·

107 637 110 642 ·
186 610 261 671 tem
274 590 521 668 srt'secundum
536 612 679 665 carnem
697 592 942 687 vivere,saepe
953 596 1025 686 jam
1041 596 1170 675 droun
1188 595 1255 672 est.

155 743 156 747 κ
186 697 272 773 Hoc
291 691 342 768 est
361 693 475 765 carnis
493 692 669 766 desideriis
686 693 883 789 indulgere.
936 695 979 768 ln
996 698 1068 770 hoc
1086 717 1182 792 ergo,
1195 716 1259 778 ne·¹

190 809 251 897 gat
269 815 337 868 noa
357 790 426 865 effe
447 794 561 865 carnis
580 792 785 886 debitores,
812 793 900 867 srcut
917 793 950 866 oc
967 796 1048 883 alibi
1069 795 1176 869 dicit:
1213 797 1261 868 Ee

192 901 299 969 cernis
319 918 428 964 cirrum
451 918 492 963 ne
511 892 657 985 feceritis
678 897 713 961 in
731 895 1003 991 concupiscentiis:
1030 915 1106 969 non
1132 898 1261 987 utique

191 1014 326 1093 negans
348 1013 467 1088 curam
487 993 604 1066 carnis
622 992 820 1067 habendam
842 996 878 1067 in
898 994 1120 1088 necessariis,
1146 994 1206 1067 std
1225 998 1263 1069 in

193 1092 504 1184 concupiscentiis.
533 1095 587 1166 lta
603 1113 689 1189 ergo
710 1093 742 1164 u
762 1094 838 1178 hic,
865 1099 905 1165 Si
922 1102 1025 1180 enim,
1052 1098 1190 1185 inquit,
1216 1099 1263 1184 [e-

168 1245 171 1249 ,
190 1198 324 1268 cundum
340 1217 464 1264 carnem
476 1198 630 1274 ,vixeritis
642 1199 867 1291 ,smoriernini
894 1193 944 1267 Et
959 1196 1073 1269 addit:
1103 1199 1261 1266 Sioutcm

183 1300 307 1392 spiritu
324 1292 412 1366 uisus
432 1298 538 1363 cornis
554 1295 847 1384 mortificaveritis,
872 1300 1008 1367 vivetis.
1055 1292 1105 1366 Et
1122 1294 1166 1368 de
1185 1296 1261 1369 hoc

190 1398 262 1489 jam
281 1392 383 1484 supra
402 1390 532 1468 ditium
547 1392 617 1486 est,
645 1395 832 1484 quomodo
855 1415 987 1487 corpus
1006 1393 1148 1487 quidem
1163 1416 1262 1467 mor-

194 1512 295 1570 tuum
312 1493 381 1566 effe
396 1494 525 1565 debeat
543 1507 693 1587 propter
712 1508 883 1585 peccata,
909 1495 1048 1588 spiritus
1074 1514 1165 1567 vero
1184 1496 1264 1570 vita

94 1623 97 1660 :
192 1607 344 1690 propter
360 1590 663 1685 justificationem.
699 1594 773 1687 Qui
791 1614 878 1690 ergo
895 1592 1087 1668 secundum
1104 1592 1266 1688 spiritum

192 1714 299 1792 agens
321 1690 517 1767 mortificat
540 1690 635 1766 eiius
660 1694 797 1787 carnis,
823 1695 927 1766 vivet
953 1708 1102 1787 propter
1124 1694 1265 1767 inhabi-

193 1807 329 1868 tantem
354 1795 390 1863 in
417 1790 451 1866 se
477 1791 634 1886 spiritum
660 1794 757 1865 vitae.
808 1789 1011 1873 Mortificat
1032 1806 1150 1867 autem
1178 1796 1260 1886 quis

76 1950 79 1969 .
97 1973 99 1982 ,
194 1893 290 1967 attus
307 1890 420 1964 carnis
439 1894 512 1966 hoc
526 1892 651 1967 modo.
685 1889 834 1966 Fruiius
852 1891 903 1964 est
919 1891 1070 1990 Spiritus
1088 1892 1260 1987 charitas,

159 1995 162 2003 '
195 1992 317 2084 odium
344 1993 458 2063 carnis
485 1989 668 2068 estodus:
695 1991 819 2065 odium
845 2012 932 2086 ergo
959 2012 1023 2085 per
1051 1992 1262 2068 charitatem

196 2088 434 2167 mortificatur
454 2090 487 2162 dt
508 2089 754 2184 exstinguitur.
790 2090 985 2166 Gaudium
1010 2091 1165 2167 similiter
1191 2091 1266 2165 sru-

149 2247 156 2254 .
196 2187 271 2265 iius
290 2188 340 2263 est
355 2189 529 2283 Spiritus,
557 2187 695 2263 tristitia
711 2209 804 2262 vero
821 2190 924 2285 hujus
942 2191 1154 2284 saeculi‚quae
1165 2213 1263 2270 mor·

197 2304 272 2364 tem
283 2304 467 2385 operatur,
479 2291 592 2363 carnis
612 2288 663 2362 est
681 2287 793 2363 adue:
819 2290 897 2364 haec
913 2311 1000 2387 ergo
1014 2289 1265 2387 exstinguitur,

195 2392 222 2465 s1
240 2392 335 2464 sitin
353 2392 459 2462 nobis
474 2389 639 2487 gaudium
659 2385 823 2479 Spiritus.
847 2388 920 2462 Pax
938 2388 1071 2463 fructus
1087 2389 1138 2462 est
1156 2392 1266 2484 Spiri-

193 2504 270 2562 tus:
298 2488 458 2564 diffensro
474 2490 507 2561 dr
524 2485 696 2563 discordia
711 2492 827 2563 carnis
840 2488 891 2563 est
906 2488 1020 2564 auus:
1046 2488 1105 2563 sed
1121 2503 1260 2565 certum

194 2588 265 2679 est,
292 2571 501 2664 discordiam
516 2586 727 2665 mortificari
742 2585 843 2681 posse
861 2611 925 2683 per
943 2609 1080 2685 pacem.
1103 2610 1105 2613 ’
1139 2588 1198 2663 Sic
1225 2590 1260 2662 dc

193 2693 365 2784 patientia
385 2688 531 2783 spiritus
556 2688 813 2781 impatientiam
839 2691 953 2761 carnis
981 2687 1193 2788 exstinguit,
1226 2691 1261 2764 dc

193 2790 532 2863 bonitas‘malitiam
557 2790 721 2881 perimit,
749 2786 1042 2862 &mansuetudo
1068 2787 1259 2882 ferociam,

194 2888 472 2960 &continentia
492 2885 823 2982 intemperantiam,
850 2888 883 2959 dc
908 2887 1047 2961 castitas
1073 2889 1261 2982 impudici-

194 2987 282 3059 tiam
296 3000 423 3074 necat,
449 2987 582 3076 talique
601 2985 730 3057 ordine
747 2988 805 3077 qui
822 3008 886 3082 per
904 2987 1062 3079 spiritum
1077 2986 1171 3060 atius
1186 3009 1265 3061 car·

193 3084 248 3158 nis
267 3082 559 3171 mortificaverit,
585 3086 700 3158 viret.
726 3086 943 3172 Intuendum
962 3086 1042 3160 sane
1061 3086 1131 3178 est,
1158 3088 1260 3179 quod

194 3183 285 3259 ficut
309 3200 463 3260 mortem
485 3204 563 3258 non
588 3182 686 3276 istam
710 3205 961 3278 communem,
988 3185 1156 3260 sedilium
1176 3209 1262 3280 pec·

102 3323 106 3346 ·
193 3284 383 3371 cati'dicit,
411 3290 451 3355 Si
470 3293 556 3355 enim
566 3284 736 3374 secundum
751 3310 872 3382 carnem
889 3291 1052 3371 vixeritis,
1064 3290 1260 3368 moriemini,

196 3384 308 3458 ita&
329 3387 443 3482 vitam
468 3403 545 3458 nou
570 3384 664 3457 hanc
690 3404 940 3480 communem,
967 3386 1026 3459 sed
1050 3387 1146 3460 iilam
1173 3386 1263 3459 dicit

194 3497 382 3573 eternam,
406 3484 452 3556 'ad
477 3504 580 3576 quam
604 3491 794 3576 perveniet
818 3487 958 3573 omnis,
983 3487 1041 3577 qui
1066 3483 1261 3561 secundum

191 3600 255 3677 ea,
282 3605 359 3677 quae
376 3582 477 3676 supra
492 3582 744 3678 exposuimus,
771 3584 947 3675 perfecius
964 3584 1088 3680 spiritu
1103 3583 1257 3659 mortifi-

190 3686 329 3771 caverit
347 3682 441 3756 atius
463 3686 593 3758 carnis·
616 3682 686 3756 Sed
702 3684 735 3755 dr
750 3683 837 3757 illud
853 3683 940 3758 scire
959 3683 1256 3777 debemus,quod

188 3781 251 3855 ista
267 3780 500 3858 mortificatio
515 3780 652 3857 aiiuum
670 3785 785 3856 carnis
802 3806 865 3878 per
883 3786 1092 3878 patientiam
1110 3781 1192 3875 fiat,
1217 3785 1253 3857 de

187 3903 264 3956 non
282 3886 324 3955 ad
338 3882 511 3974 subitum,
530 3881 590 3960 sed
604 3884 784 3973 paulatim.
812 3883 931 3959 Primo
948 3882 1175 3980 languescere
1187 3904 1256 3959 eoa

158 4025 163 4042 ι
183 3981 326 4057 oeceffe
342 3980 394 4056 est
405 3984 443 4059 in
456 3982 514 4056 ‘his
532 3983 592 4075 qui
606 3983 802 4078 incipiunt:
828 3998 904 4058 tum
921 3981 1076 4081 deinde,
1100 3981 1182 4155 ofin
1198 4004 1251 4058 ar·

696 4087 710 4108 ‘'
1135 4102 1198 4156 eu·
