2825 4559
210 364 286 441 550
400 335 686 419 undecune
711 332 1106 463 rueonnurn

211 504 424 595 titudinem,
452 500 552 592 quod
574 498 743 575 fruuntur
766 501 870 573 bono
895 498 1156 592 conscientie,
1184 500 1220 575 d:
1241 506 1290 575 vi·

212 621 327 697 tuot,
358 603 392 681 dc
415 600 527 673 relidli
549 598 687 673 suntin
711 597 872 671 adventu
898 599 1050 689 Domini
1073 600 1288 681 Salvatorir.

214 706 285 787 Sed
303 704 384 793 quie
399 703 555 779 clement
570 698 620 773 est
635 699 761 789 Dour,
788 698 822 771 o
836 700 919 771 vult
928 699 1072 777 ¹salvere
1087 701 1203 775 etiam
1216 722 1289 794 eos,

216 811 278 899 qui
301 805 527 877 dormierunt
549 799 637 871 &in
655 794 797 871 Christo
820 796 1074 887 monulfum,
1101 818 1183 875 non
1210 822 1289 897 pre·

214 906 368 979 venient
387 901 491 989 illos,
514 918 634 989 neque
659 898 725 971 loli
748 897 934 991 rapientur
958 901 995 971 in
1010 900 1201 985 nubibur;
1228 900 1290 988 sed,

98 1014 101 1019 ’
213 1004 318 1105 juxte
343 1000 547 1092 exemplum
571 994 799 1095 Euangelicae
825 1000 1029 1090 parabole,
1056 1018 1176 1073 unum
1194 1000 1290 1073 dem·

217 1106 311 1179 rium
327 1119 505 1191 unamque
520 1097 722 1172 mercedem
738 1097 771 1168 tc
788 1098 986 1173 undecimae
1002 1098 1107 1169 horae
1125 1102 1288 1192 operarii,

219 1203 417 1295 deprime,
444 1199 564 1289 quiin
590 1199 732 1275 vineam
760 1197 845 1273 milli
869 1194 972 1285 sunt,
998 1196 1124 1271 salutis
1145 1201 1312 1293 pretium«

213 1296 412 1391 decipient.
452 1296 537 1369 Nec
555 1296 630 1369 hoc
649 1297 753 1369 elicui
772 1296 937 1369 videatur
956 1295 1152 1390 injustum,
1181 1316 1222 1371 uc
1238 1298 1290 1372 dii·

219 1422 284 1497 per
299 1402 400 1480 labor
414 1417 523 1471 unum
539 1398 720 1489 praemium
739 1395 991 1491 consequatur.
1038 1396 1181 1493 Magna
1201 1400 1287 1491 quip·

220 1522 269 1594 pe
285 1496 469 1570 diversitas
486 1495 537 1569 est
553 1515 705 1589 eorum,
733 1496 790 1589 qui
809 1494 890 1588 post
902 1498 1057 1567 vulnera
1073 1494 1162 1570 sunt
1178 1498 1287 1589 senati,

222 1599 257 1683 dr
284 1619 438 1685 eorum,
472 1597 532 1685 qui
557 1616 740 1687 nunquam
767 1595 937 1669 viderunt
962 1596 1095 1671 mortis
1126 1618 1288 1677 errorem.

221 1696 283 1780 Dc
300 1700 352 1773 his
374 1712 464 1791 puto
484 1692 636 1769 dietum:
665 1699 750 1787 Quis
768 1696 807 1792 tsi
830 1698 941 1785 immo,
968 1701 1026 1790 qui
1048 1701 1157 1768 vivat
1180 1702 1216 1771 U
1238 1722 1289 1766 nm

222 1801 334 1869 uidear
349 1791 503 1867 mortem?
529 1800 657 1867 redimet
675 1800 822 1867 demortr
848 1802 989 1865 animam
1007 1794 1116 1884 suam.
1171 1797 1289 1885 Neque

224 1899 335 1988 enim,
351 1911 391 1968 ut
412 1896 552 1984 quidam
573 1908 717 1987 putant,
738 1900 821 1987 Quis
842 1914 996 1988 proco,
1025 1898 1131 1987 quod
1148 1896 1198 1969 est
1214 1896 1291 1968 Nul-

222 1998 299 2085 lus,
326 1996 516 2085 accipitur:
543 1993 600 2067 sed
626 1996 719 2085 quass
746 1997 894 2069 dixerit:
922 1996 1014 2092 Quis
1033 1996 1174 2085 putari
1199 1999 1286 2087 juxta

222 2095 325 2183 illud,
336 2094 434 2184 quod
451 2091 618 2183 scriptum
637 2093 706 2165 est:
735 2098 820 2187 Quis
834 2096 969 2187 sapiens,
990 2093 1026 2169 (5
1043 2097 1207 2190 intelliget
1218 2092 1291 2165 hrt?

225 2194 311 2287 &in
336 2196 408 2268 alio
432 2194 540 2266 locor
568 2197 723 2279 Domine,
749 2199 819 2291 quir
844 2195 1006 2268 latitabit
1034 2200 1072 2265 in
1101 2194 1284 2273 ratemmb

166 2310 169 2315 '
224 2289 306 2372 tuo?
332 2294 530 2367 &iterumz
557 2296 642 2385 Quis
661 2301 808 2385 cognovit
823 2294 944 2381 sensum
966 2291 1137 2367 Domini?
1163 2294 1290 2369 Reirtiu'l

225 2414 315 2488 ergo
336 2407 444 2465 erunt
466 2392 511 2464 dc
528 2394 759 2471 credentibus
776 2397 902 2491 pauci,
928 2397 986 2483 qui
1005 2396 1209 2468 adventum
1227 2396 1291 2467 Do·

223 2494 311 2575 mini
335 2493 482 2563 rideant
508 2490 700 2565 secundum
728 2495 787 2583 id,
814 2495 912 2584 quod
939 2495 1038 2565 Deus
1062 2497 1231 2569 Verbum
1254 2494 1291 2564 la·

225 2589 319 2671 tium
336 2590 405 2677 est,
435 2611 658 2682 nequaquam
673 2595 708 2665 in
726 2595 866 2664 vilitate
885 2595 1021 2683 carnis,
1052 2591 1113 2667 sed
1135 2597 1170 2675 iu
1189 2596 1290 2688 glorie

225 2691 493 2781 triumphantis.
528 2687 575 2762 Et
599 2693 914 2777 coniderandnm
938 2694 1133 2783 quomodo
1152 2697 1292 2786 primum

225 2790 448 2871 dormientes
469 2792 728 2882 appellaverit:
753 2793 882 2867 deinde
899 2795 934 2864 in
955 2790 1099 2865 Christo
1119 2811 1292 2883 mortuos,

226 2910 320 2980 quos
345 2891 411 2960 viv
428 2906 514 2971 nter
542 2892 744 2981 prevenire
768 2914 842 2963 non
868 2905 1057 2983 poterunt.
1113 2895 1189 2989 Qui
1208 2894 1290 2965 enin

98 3050 101 3055 .
143 3034 147 3041 -
225 3009 302 3063 non
331 2988 539 3059 custodierit
566 2991 788 3081 hoc,·quod
817 2991 984 3082 scriptum
1011 2991 1081 3065 est:
1112 2996 1166 3065 Ne
1186 2995 1315 3063 dederis·

219 3090 366 3179 somnum
384 3090 479 3163 oculis
495 3093 574 3174 tuis,
592 3114 691 3185 neque
705 3093 860 3185 palpebris
877 3097 939 3161 tris
960 3094 1241 3179 dormitationem,
1264 3105 1291 3159 rt
1314 3086 1316 3097 '

221 3190 334 3279 solnm
344 3190 409 3276 fios
417 3188 502 3282 ficut
519 3211 627 3284 caprea
645 3193 680 3260 de
695 3193 855 3277 vinculis,
881 3192 916 3265 U
928 3192 1008 3283 ficut
1024 3198 1097 3262 ovis
1116 3196 1153 3263 de
1170 3194 1290 3290 laqueis,

228 3287 386 3363 dormiet
411 3288 444 3358 dt
468 3289 637 3378 culpabili
659 3288 792 3380 sopore
814 3290 1017 3382 torpescet3
1046 3312 1205 3387 cumque
1224 3294 1292 3365 dor·

226 3388 371 3476 inierit,
399 3388 559 3466 transibit
577 3389 614 3461 in
630 3406 799 3471 mortem.
825 3390 1034 3467 sicutenim
1052 3406 1231 3467 movetur
1245 3389 1292 3481 qm

226 3487 376 3581 vigilat:
404 3485 526 3575 nequi
548 3487 683 3564 dormit
699 3491 798 3579 jacet
811 3491 1005 3577 immotus,
1034 3490 1215 3565 &mortis
1231 3507 1294 3565 tor·

226 3599 292 3679 pet
308 3584 543 3661 similitudine.
597 3588 709 3686 Quod
730 3602 847 3662 autem
863 3592 1162 3673 dormitationem
1184 3589 1293 3681 sequa·

226 3698 286 3759 tur
312 3704 435 3775 mors,
471 3684 504 3755 dr
531 3686 642 3780 prima
669 3688 713 3758 ed
741 3689 953 3765 Corinthios
980 3686 1143 3782 Epistola
1168 3691 1293 3765 docere

225 3802 297 3869 nos
316 3784 514 3875 poterit,in
531 3806 599 3875 quo
615 3788 664 3857 ita
682 3786 849 3881 scriptum
868 3788 939 3869 est:
968 3793 1190 3863 Numanum
1208 3792 1292 3862 ciri.

220 3882 291 3986 flur
317 3882 458 3961 surrexit
483 3909 520 3959 cx
537 3891 692 3973 mortuis,
718 3893 872 3982 primitie
891 3892 1130 3963 dormientium:
1157 3897 1234 3989 qttr'a
1245 3912 1291 3985 ptr

121 4084 124 4089 .
225 3984 391 4067 ltttttt'tttttt
414 4006 517 4079 motu,
548 3986 585 4071 tl
609 4008 664 4091 ptr
690 3990 846 4069 buturum:
874 3991 1057 4090 resurr-etilo
1082 4010 1289 4170 torrentum

1092 4191 1097 4197 ·
1115 4228 1129 4261 ἱ
